3467 5717
1296 870 1545 921 smol-1
1591 871 1861 924 ALBANI.
2512 864 2641 928 399

544 1064 578 1090 “
623 1054 779 1122 liter
839 1056 1272 1137 nominatam,
1318 1058 1406 1122 ad
1464 1057 1830 1124 videndum
1890 1065 1961 1127 et
2018 1061 2420 1130 audiendum
2472 1063 2646 1150 jura,
2672 1079 2808 1130 AD.
2839 1084 2982 1129 1435.

543 1164 580 1192 “
623 1158 903 1239 litteras,
932 1158 1306 1246 scripturae,
1338 1159 1704 1248 privilegia,
1751 1166 1823 1227 et
1850 1163 2286 1246 munimenta,
2331 1165 2648 1252 praedicta

543 1268 577 1295 “
625 1281 743 1347 per
799 1265 1059 1348 partem
1119 1260 1446 1327 dictorum
1504 1262 1792 1329 Abbatis
1853 1269 1926 1331 et
1985 1264 2374 1333 Conventus
2431 1289 2646 1334 coram

546 1370 580 1397 “
626 1361 819 1428 nobis
863 1363 1157 1449 produci,
1221 1363 1503 1442 extrahi,
1553 1370 1621 1430 et
1681 1365 1983 1432 exhiberi
2044 1388 2123 1433 ac
2174 1369 2521 1448 transumi,
2582 1374 2653 1436 et

546 1470 582 1499 “
630 1470 867 1530 caetera
914 1465 991 1529 in
1035 1465 1162 1530 hac
1209 1473 1398 1552 parte
1447 1466 1767 1552 requisita
1794 1467 1941 1533 fieri
1970 1472 2041 1535 et
2070 1469 2424 1549 observari,
2447 1460 2654 1556 juxta

546 1575 581 1600 “
625 1565 1031 1653 exigentiam
1080 1566 1486 1633 Litterarum
1536 1567 2140 1655 Compulsoriarum
2187 1573 2651 1659 praedictarum

548 1676 583 1702 “
630 1666 973 1734 decernere
1022 1668 1461 1756 dignaremur.
1578 1669 1779 1736 Unde
1831 1692 1968 1751 nos,
2021 1671 2364 1754 Ricardus,
2420 1673 2652 1739 Archi-

552 1775 586 1804 “
632 1768 957 1848 diaconae,
1000 1768 1405 1857 Compulsor,
1453 1769 1593 1837 sive
1637 1770 1990 1854 Executor,
2031 1773 2402 1859 praedictus,
2434 1779 2654 1840 atten-

550 1879 583 1904 “
630 1870 859 1936 dentes
887 1870 1385 1958 requisitionem
1414 1870 1798 1958 hujusmodi
1839 1871 1978 1939 fore
2020 1873 2277 1960 justam
2308 1878 2380 1941 et
2406 1874 2655 1941 rationi

551 1981 585 2007 “
629 1994 999 2052 consonam,
1028 1978 1233 2060 atque
1283 1974 1589 2041 volentes
1639 1975 2096 2041 executionem
2148 1974 2360 2042 facere
2385 1976 2461 2041 in
2489 1999 2656 2063 prae-

554 2083 588 2109 “
633 2075 864 2154 missis,
895 2080 975 2141 ut
1020 2079 1341 2155 tenemur,
1374 2075 1684 2163 praesatos
1729 2076 2070 2143 Abbatem
2115 2081 2186 2144 et
2235 2076 2658 2145 Conventum

554 2184 589 2212 “
634 2176 721 2242 ad
759 2176 1269 2263 producendum,
1298 2177 1799 2256 extrahendum,
1832 2182 1904 2243 et
1947 2177 2411 2257 exhibendum,
2441 2200 2661 2245 coram

555 2287 589 2313 “
634 2276 827 2343 nobis
854 2279 1229 2366 producere,
1260 2279 1538 2358 extrahi,
1570 2283 1639 2346 et
1669 2279 1990 2358 exhiberi,
2019 2279 2415 2360 faciendum,
2451 2280 2561 2348 die
2591 2285 2661 2347 et

557 2388 590 2414 “
635 2379 780 2445 loco
818 2380 1221 2467 subscriptis,
1254 2380 1429 2466 jura,
1460 2380 1737 2460 litteras,
1783 2381 2162 2469 scripturas,
2193 2381 2562 2470 privilegia,
2594 2387 2663 2448 et

556 2489 589 2515 “
636 2481 1068 2560 munimenta,
1086 2481 1417 2569 praedicta,
1435 2483 1873 2570 peremptorie
1901 2482 2262 2550 monendos
2290 2482 2447 2563 fore,
2461 2484 2663 2571 juxta

557 2592 590 2617 “
635 2582 946 2649 effectum
999 2583 1334 2650 Litterum
1388 2583 1997 2671 Compulsoriarum
2049 2586 2534 2674 praedictarum,
2587 2608 2665 2652 ac

558 2692 595 2722 “
642 2685 855 2752 dictos
896 2685 1252 2752 Ricardum
1287 2684 1649 2765 Whitman,
1681 2692 1752 2754 et
1780 2688 1836 2773 ej
1845 2709 1921 2753 us
1953 2708 2223 2754 uxorem
2253 2688 2662 2776 praedictam,

560 2796 593 2823 “
639 2787 726 2853 ad
776 2787 1138 2854 videndum
1186 2792 1255 2854 et
1304 2786 1710 2855 audiendum
1749 2789 1926 2876 jura,
1975 2790 2256 2869 litteras,
2287 2790 2665 2878 scripturas,

560 2898 595 2925 “
638 2889 1006 2977 privilegia,
1033 2894 1105 2957 et
1132 2889 1563 2972 munimenta,
1593 2890 1929 2977 praedicta,
1953 2912 2072 2977 per
2100 2891 2309 2959 dictos
2330 2891 2669 2958 Abbatem

562 3001 597 3028 “
639 2998 710 3059 et
770 2991 1206 3072 Conventum,
1259 3013 1515 3059 necnon
1575 2997 1645 3058 et
1714 2993 1849 3058 alia
1897 2991 2075 3079 jura,
2137 2998 2308 3072 acta,
2366 2994 2667 3080 registra,

562 3103 596 3129 “
642 3093 1015 3181 scripturas,
1047 3094 1325 3173 litteras,
1366 3114 1721 3182 processus,
1772 3099 1845 3161 et
1898 3095 2313 3161 munimenta
2359 3116 2670 3180 quaecun-

566 3207 597 3233 “
643 3218 789 3282 que,
848 3218 967 3284 per
1024 3197 1189 3263 alios
1250 3218 1695 3284 quoscunque,
1757 3197 2049 3263 maxime
2130 3218 2250 3285 per
2329 3197 2670 3264 ministros

564 3310 598 3336 “
645 3299 866 3367 Curiae
919 3299 1454 3387 Metropolitanae
1506 3298 1906 3377 Cantuariae,
1952 3298 2158 3365 etiam
2212 3320 2432 3365 coram
2480 3299 2671 3365 nobis

565 3411 600 3437 “
646 3401 931 3489 produci,
985 3402 1265 3481 extrahi,
1313 3401 1662 3481 transumi,
1691 3406 1765 3468 et
1813 3400 2130 3481 exhiberi,
2177 3405 2547 3487 caeteraque
2597 3401 2670 3465 in

565 3513 597 3540 “
644 3505 768 3570 hac
796 3507 984 3591 parte
1012 3503 1336 3591 requisita
1360 3502 1798 3590 infrascripta,
1830 3503 2055 3569 omnia
2081 3507 2154 3569 et
2181 3503 2459 3591 singula,
2490 3502 2672 3569 visu·

567 3615 599 3643 “
643 3628 750 3672 ros
795 3610 866 3671 et
913 3605 1274 3687 audituros,
1308 3605 1395 3671 ad
1444 3605 1621 3672 diem
1662 3610 1732 3672 et
1775 3607 1992 3673 locum
2021 3605 2490 3692 infrascriptae,
2521 3627 2672 3671 cum

566 3715 606 3745 “
652 3707 1150 3775 continuatione
1200 3713 1271 3775 et
1329 3707 1792 3795 prorogatione
1852 3707 2111 3773 dierum
2170 3713 2335 3775 tunc
2394 3728 2672 3794 sequen-

566 3820 599 3847 “
647 3810 835 3889 tium,
866 3813 937 3877 et
987 3810 1294 3889 locorum,
1341 3831 1418 3876 ac
1460 3809 1886 3877 intimatione
1944 3808 2386 3897 instascripta,
2435 3830 2673 3876 vocan-

567 3922 600 3949 “
646 3911 764 3978 dos
808 3912 947 3978 fore
995 3912 1419 3993 doeernimus,
1450 3912 1538 3979 ad
1584 3912 2000 3980 vocationem
2044 3912 2256 3999 partis
2284 3911 2575 3977 Abbatis
2604 3915 2674 3977 et

565 4024 600 4052 “
644 4014 1029 4082 Conventus
1074 4018 1145 4081 et
1175 4012 1431 4081 ‘Vicarii
1483 4013 1968 4101 praedictorum,
2010 4012 2283 4100 justitia
2332 4012 2671 4080 suadente.

566 4126 600 4155 “
646 4117 903 4198 —Tibi,
947 4116 1173 4204 igitur,
1219 4116 1268 4183 J
1269 4115 1516 4183 ohanni
1563 4115 1822 4195 Welles,
1851 4113 2093 4181 nuncio
2140 4119 2373 4181 nostro
2425 4113 2501 4179 in
2549 4114 2674 4209 hac

570 4226 603 4256 “
653 4224 844 4308 parte
858 4219 1089 4305 jurato
1110 4218 1468 4299 antedictO,
1491 4217 1890 4285 auctoritate
1914 4217 2241 4285 dictarum
2263 4215 2673 4284 Litterarum

566 4330 601 4359 “
648 4321 1267 4410 Compulsoriarum‚
1328 4320 1472 4387 sive
1534 4319 2127 4388 ¹Executoriarum
2185 4319 2675 4408 praedictarum,

570 4431 607 4461 “
653 4446 787 4511 qua
811 4423 1158 4512 fungimur
1206 4423 1280 4489 in
1321 4422 1448 4488 hac
1492 4428 1702 4511 parte,
1733 4423 2016 4491 firmiter
2044 4422 2455 4512 injungendo
2483 4445 2671 4489 man-

567 4535 604 4564 “
652 4527 905 4611 damus,
967 4530 1295 4615 quatenus
1352 4525 1667 4613 praefatos
1716 4525 2057 4594 Abbatem
2118 4529 2189 4594 et
2250 4525 2671 4595 Conventum

1368 4771 1385 4805 ¹
1407 4769 1747 4824 Eece-uma
1768 4771 1821 4823 in
1842 4770 1959 4825 MS.
