3467 5717
1375 855 1621 909 sANc‘m
1666 855 1937 909 amr
2582 842 2713 915 177

602 1049 640 1081 “
682 1066 1035 1131 generosus
1078 1044 1342 1111 animus
1385 1046 1621 1112 melius
1686 1047 1890 1113 verbo
1949 1047 2213 1114 ducitur
2255 1066 2451 1135 quam
2496 1046 2704 1114 trahi·
2726 1066 2868 1120 ΑΒ.
2898 1074 3041 1122 1⁴23.

604 1152 639 1181 “
681 1156 794 1213 tur
837 1147 1044 1229 freno,
1091 1147 1510 1234 qualiterque
1557 1148 1780 1235 aptius
1826 1148 2181 1236 corripitur
2223 1150 2331 1214 vir
2374 1149 2706 1232 obediens,

600 1254 636 1285 “
680 1270 831 1315 cum
878 1249 1334 1337 supervenerit
1379 1249 1836 1329 mansuetudo,
1879 1250 2244 1317 cohibeatis
2286 1252 2701 1330 consulimus,

599 1358 638 1386 “
681 1352 843 1417 dnm
887 1352 1198 1418 absentes
1240 1350 1573 1429 fuerimus,
1613 1351 1878 1439 virgam
1925 1353 2372 1442 correptionis,
2423 1359 2494 1421 et
2530 1353 2707 1420 feru-

596 1460 633 1490 “
676 1454 855 1534 lam;
900 1460 971 1521 et
1019 1454 1075 1519 si
1105 1453 1128 1493 ¹
1149 1453 1355 1521 frater
1398 1453 1654 1540 aliquis,
1710 1454 1886 1540 quod
1927 1454 2120 1534 absit,
2169 1460 2246 1522 ut
2293 1478 2476 1522 mare
2520 1455 2706 1522 ebul·

599 1562 638 1593 “
683 1556 869 1638 liens,
918 1561 1255 1645 turgescat
1306 1577 1638 1643 spumans,
1688 1577 1810 1621 nec
1852 1557 2183 1642 quiescere
2241 1558 2426 1639 velit,
2476 1559 2700 1640 imm0‚

596 1664 632 1694 “
679 1658 1003 1745 quomodo
1049 1660 1154 1724 vir
1196 1657 1449 1724 turbati
1493 1658 1720 1736 animi,
1765 1657 2080 1725 continue
2123 1666 2376 1746 quaerat
2421 1661 2701 1727 occasio-

598 1766 637 1795 “
666 1782 782 1827 nes
828 1761 1154 1847 quomodo
1196 1760 1283 1826 ab
1326 1760 1538 1826 amico
1596 1760 1899 1827 recedere
1958 1761 2185 1849 possit,
2232 1758 2700 1828 'dissimuletis

593 1870 631 1897 “
673 1884 793 1929 vos
850 1863 937 1929 ad
983 1868 1263 1950 tempus,
1309 1883 1443 1949 quo
1488 1882 1609 1927 nos
1666 1861 1743 1926 in
1800 1883 1976 1949 pace,
2023 1862 2166 1929 Deo
2215 1862 2397 1942 duce,
2451 1864 2699 1929 reversi

594 1971 633 2002 “
676 1964 1009 2043 fuerimus,
1042 1969 1112 2030 et
1159 1971 1340 2043 tunc,
1386 1985 1536 2030 cum
1567 1964 1861 2029 Auctore
1904 1962 2100 2049 pacis,
2146 1963 2450 2029 dabimus
2492 1964 2699 2052 impio

594 2072 631 2103 “
676 2067 1043 2146 silentium,
1073 2072 1143 2131 et
1170 2087 1535 2153 congruum
1581 2063 2059 2153 pacificationis
2086 2064 2451 2131 remedium
2498 2088 2700 2153 appo-

592 2176 629 2206 “
674 2191 924 2235 nemus.
1013 2168 1212 2234 Vitat
1259 2168 1508 2234 etenim
1577 2166 1872 2233 medicus
1917 2167 2196 2233 vulnera
2236 2172 2507 2255 tangere
2551 2190 2701 2254 quae

593 2278 630 2307 “
676 2293 813 2337 non
859 2276 1067 2351 curat,
1114 2269 1616 2355 dissimulatque
1667 2269 1776 2335 vir
1822 2269 2083 2358 sapiens
2128 2269 2390 2357 virgam
2441 2291 2701 2358 correp·

592 2380 630 2408 “
676 2373 881 2440 tionis
927 2373 1213 2461 arripere
1273 2371 1390 2438 ubi
1437 2371 1858 2437 verberatum
1901 2376 2262 2458 exasperat,
2331 2393 2533 2458 quam
2582 2395 2698 2460 po-

590 2482 627 2510 “
671 2476 810 2543 tius
872 2475 1195 2542 emendat.
1305 2473 1476 2541 Cum
1537 2473 1767 2562 igitur,
1819 2474 2077 2551 fratres,
2136 2471 2164 2511 ⁸
2179 2473 2360 2561 apud
2417 2475 2697 2562 populos

588 2585 625 2615 “
669 2576 698 2616 ⁴
717 2578 903 2644 durae
948 2577 1218 2643 cervicis
1260 2576 1510 2643 vulnus
1552 2577 1644 2643 sit
1686 2575 1853 2642 satis
1902 2575 2282 2655 incurabile,
2333 2574 2529 2664 plaga
2574 2576 2693 2643 irae

588 2687 623 2717 “
667 2701 813 2745 cum
892 2679 1279 2745 turbatione
1351 2678 1613 2759 mentis,
1672 2678 2011 2764 magisque
2082 2677 2273 2764 eligit
2330 2676 2440 2742 vir
2497 2677 2692 2744 elatae

590 2787 628 2816 “
670 2781 909 2848 frontis
965 2779 1175 2846 ferula
1236 2779 1537 2846 ferientis
1594 2778 1833 2867 frangi,
1894 2800 2095 2865 quam
2170 2778 2349 2845 flecti
2424 2779 2688 2867 virgula

591 2889 627 2918 “
671 2881 1104 2963 verberantis,
1164 2881 1300 2947 nisi
1373 2881 1584 2968 major
1656 2881 2146 2967 terribiliorqne
2220 2881 2310 2946 sit
2385 2882 2689 2969 potentia

587 2992 625 3023 “
670 2985 1067 3065 correctoris,
1113 2982 1515 3050 consulimus
1572 3004 1650 3049 ac
1707 3004 2050 3049 monemus
2109 2988 2188 3049 ut
2247 3004 2410 3069 quos
2468 2983 2689 3049 verbis

588 3094 626 3123 “
671 3085 1199 3157 mansuetudinis
1256 3107 1375 3174 pro
1449 3092 1608 3152 voto
1666 3086 1988 3173 corrigere
2051 3107 2187 3151 non
2246 3085 2505 3162 valetis,
2562 3086 2690 3151 tol-

587 3195 625 3226 “
672 3189 894 3255 leretis
935 3188 962 3227 ⁶
983 3188 1470 3255 dissimulantes
1516 3189 1603 3254 ad
1661 3194 1925 3276 tempus
1986 3188 2163 3274 quod
2203 3187 2350 3274 jam
2398 3187 2691 3254 diximus

585 3298 622 3328 “
669 3314 791 3379 pro
832 3297 1012 3373 tunc,
1057 3313 1208 3357 cum
1237 3292 1523 3358 Auctore
1553 3289 1733 3378 pacis
1776 3289 2145 3375 suscepturi
2186 3289 2456 3354 meliora
2483 3311 2689 3355 reme-

587 3401 627 3431 “
672 3394 787 3460 dia
828 3395 1023 3482 pacis,
1069 3393 1332 3480 quando
1390 3391 1645 3458 confusi
1703 3391 2127 3478 convictique
2184 3391 2464 3456 stabunt
2523 3390 2690 3456 tales

582 3504 620 3533 “
663 3516 880 3562 coram
915 3495 1143 3582 judice
1187 3516 1385 3581 super
1426 3515 1564 3560 suae
1608 3494 1889 3560 materia
1938 3491 2348 3580 litigationis.
2438 3492 2548 3558 Ad
2578 3513 2692 3557 cu-

583 3605 620 3636 “
662 3598 919 3664 mulum
947 3598 1126 3663 enim
1175 3596 1393 3663 laudis
1439 3595 1776 3661 nonnullis
1825 3594 2177 3662 ascribitur
2222 3595 2401 3682 quod
2441 3595 2688 3661 aversis

585 3706 622 3737 “
668 3699 939 3765 auribus
974 3698 1296 3786 injuriosa
1339 3697 1786 3765 obaudierunt
1832 3699 2040 3765 verba
2088 3698 2296 3786 plebis
2324 3723 2340 3779 ;
2383 3720 2504 3764 nee
2541 3699 2686 3764 sine

582 3811 616 3840 “
660 3824 857 3869 causa
901 3823 1019 3889 per
1067 3800 1412 3868 metricum
1463 3799 1883 3888 adjicitur,—

716 3938 754 3968 “
802 3929 1198 4018 Quanquam
1244 3928 1582 3997 communi
1632 3928 1725 3995 sit
1775 3950 1881 3996 res
1930 3928 2263 3996 contraria
2301 3927 2460 4014 juri,

783 4040 822 4072 ‘⁸
867 4033 1162 4121 Expedit
1205 4032 1546 4100 interdum
1592 4029 1620 4070 ⁸
1636 4031 2045 4099 dissimulare
2091 4027 2391 4096 malum.’'

647 4380 664 4415 ¹
686 4381 848 4448 ipsias
885 4382 974 4447 qui
1009 4379 1296 4448 originally,
1327 4382 1421 4432 but
1457 4378 1578 4430 with
1733 4377 1760 4412 *³
1784 4387 1911 4445 aput
1930 4377 1986 4430 in
2003 4378 2119 4432 MS.

573 4471 890 4529 expunctory
910 4463 1101 4525 marks,
1121 4462 1223 4512 and
1242 4460 1349 4513 this
1369 4460 1471 4511 and
1491 4461 1580 4510 the
1734 4458 1757 4490 ⁴
1779 4458 1843 4511 In
1865 4459 2079 4510 allusion
2115 4464 2169 4509 to
2206 4453 2415 4507 Emodus
2438 4454 2606 4508 xxxii.
2630 4461 2680 4519 9,

572 4541 719 4593 three
738 4541 996 4608 following
1017 4543 1182 4593 words
1205 4555 1329 4592 over
1350 4539 1436 4591 the
1459 4538 1579 4603 line,
1669 4537 1854 4588 xxxiii.
1877 4542 1927 4589 3.

572 4621 1002 4673 inalaterhand.
1736 4612 2330 4667 ‘diessnilantesinua

638 4699 661 4732 ²
681 4700 976 4753 deheim-ilem
997 4699 1050 4750 in
1071 4698 1188 4752 MS.
1739 4693 1761 4727 ⁶
1782 4692 2073 4747 dissimilare
2092 4693 2146 4746 in
2167 4693 2280 4748 MS.

2360 4790 2418 4841 Μ
