3467 5717
778 802 911 868 284
1443 812 1765 869 ANNALES
1808 813 2237 869 nouasmmr

439 1014 748 1074 mamus.
778 1005 815 1036 “
857 1000 1070 1089 ipsam
1112 1000 1186 1065 in
1224 998 1368 1087 lege
1415 997 1548 1078 illa,
1580 999 1841 1087 placeat
1869 1000 2289 1073 Reverentiae
2333 1007 2577 1073 vestrae
2625 1004 2889 1075 chartas

775 1111 812 1142 ‘⁶
858 1103 1251 1185 donationis,
1284 1102 1708 1189 singulasque
1760 1102 1926 1169 alias
1978 1103 2349 1173 evidentias
2401 1106 2683 1188 habitas,
2736 1108 2888 1177 dili·

774 1211 816 1243 “
858 1211 1094 1294 genter
1121 1205 1444 1292 inspicere
1472 1228 1491 1284 ;
1536 1209 1608 1270 et
1636 1206 1983 1291 posterius,
2016 1206 2075 1272 si
2103 1228 2253 1294 spes
2304 1209 2399 1277 sit
2426 1209 2653 1297 aliqua
2702 1232 2885 1277 recu-

775 1315 812 1344 “
856 1308 1218 1397 peraticnis
1266 1308 1341 1372 in
1389 1306 1541 1393 jure
1592 1312 1832 1387 vestro,
1888 1308 2057 1374 mihi
2108 1309 2358 1398 absque
2411 1310 2436 1351 ¹
2458 1312 2885 1381 simulatione

772 1418 811 1447 “
854 1409 1298 1478 amicabiliter
1341 1408 1702 1479 enarrare.”

436 1532 546 1584 The
569 1532 713 1586 Dean
864 1513 997 1594 Qui
1032 1512 1255 1580 verbis
1303 1511 1590 1579 Abbatis
1636 1533 1864 1579 aurem
1909 1513 2268 1603 benignam
2317 1513 2345 1555 ²
2368 1518 2882 1599 accommodans,

433 1601 679 1717 {3223}
693 1608 745 1652 ‘⁰
770 1615 1088 1683 concessit
1139 1619 1485 1702 gratanter
1535 1614 1704 1681 illud
1755 1614 1983 1696 facere,
2044 1618 2374 1707 petiitque
2425 1624 2507 1687 ut
2551 1620 2680 1687 sibi
2727 1622 2884 1691 mit-

434 1733 521 1784 the
545 1748 672 1786 case.
769 1724 1070 1787 terantur
1128 1717 1487 1785 evidentiae
1534 1738 1780 1799 omnes,
1844 1722 1916 1785 et
1967 1718 2257 1789 libenter
2304 1722 2631 1810 poeterius
2678 1723 2882 1791 vellet

767 1843 962 1889 suum
1013 1820 1363 1888 consilium
1407 1819 1480 1885 in
1525 1841 1604 1885 ea
1646 1821 1930 1889 materia
1970 1823 2243 1908 aperire.

430 1940 514 2005 By
533 1939 621 1993 the
857 1924 1036 1990 Visis
1087 1923 1297 2010 igitur
1347 1922 1721 2006 evidentiis,
1754 1928 1826 1990 et
1874 1924 2250 2005 intellectis,
2290 1926 2476 1995 dedit
2523 1948 2682 1994 mox
2728 1949 2881 1995 con-

392 2064 409 2077 ·
430 2006 618 2126 {³322}
644 2074 710 2126 he
768 2026 991 2093 silium
1039 2030 1117 2091 ut
1163 2025 1393 2093 Abbas
1444 2023 1521 2089 in
1572 2047 1853 2112 persona
1896 2028 2165 2114 propria
2214 2028 2609 2118 Episcopum
2657 2030 2881 2099 adiret

430 2146 584 2193 states
604 2112 686 2193 inis
771 2129 1310 2209 Lincolniensem,
1341 2128 1692 2215 ipsumque
1737 2127 2017 2195 honesto
2062 2130 2260 2198 modo
2305 2133 2688 2218 requireret,
2718 2154 2882 2219 qua·-

429 2216 619 2325 ῗζ-,ζζζο
642 2209 728 2325 {¹12⁶
767 2237 962 2299 tenus
1004 2231 1135 2298 sibi
1178 2231 1251 2299 in
1294 2230 1418 2296 hac
1462 2231 1747 2297 materia
1806 2231 1915 2297 vel
1970 2232 2260 2317 justitiae
2321 2233 2879 2321 complementum

430 2338 590 2391 Linco
647 2378 659 2393 .
766 2333 1028 2416 faceret,
1073 2334 1185 2400 vel
1229 2334 1409 2421 qued
1454 2337 1797 2400 excusaret
1859 2356 1929 2400 se
1971 2334 2257 2422 penitae,
2302 2342 2370 2403 et
2438 2358 2704 2405 causam
2763 2337 2878 2403 de-

767 2437 951 2505 volvi
1017 2437 1105 2504 ad
1167 2436 1438 2505 Curiam
1504 2436 1588 2504 de
1653 2436 1960 2505 Areubus
2024 2443 2219 2525 grato
2262 2438 2487 2506 animo
2531 2441 2868 2507 toleraret.

768 2540 899 2621 Qui
967 2539 1122 2605 huic
1180 2539 1452 2606 consilio
1519 2538 1758 2605 libenti
1812 2539 2036 2606 animo
2090 2539 2538 2627 adquiescens,
2582 2542 2878 2629 perrexit

766 2641 975 2708 veloci
1020 2662 1218 2729 passu
1262 2640 1351 2707 ad
1393 2640 1758 2728 hospitium
1805 2640 1969 2707 dicti
1999 2641 2328 2722 Praesulis,
2358 2644 2876 2731 perveniensque

765 2742 854 2809 ad
881 2743 1022 2830 ejus
1052 2744 1495 2832 praesentiam,
1528 2743 1840 2830 exposuit
1866 2743 1996 2809 sibi
2026 2743 2340 2832 primitus
2368 2746 2695 2832 quomodo
2729 2746 2874 2832 jam

764 2867 881 2933 per
922 2845 1208 2934 triginta
1259 2867 1483 2924 annos,
1553 2849 1625 2912 et
1673 2845 1977 2934 amplius,
2029 2847 2275 2915 Rector
2324 2847 2717 2935 parochialis
2779 2847 2867 2913 de

766 2949 1106 3036 Horpolle,
1136 2971 1273 3016 suae
1319 2946 1347 2991 ³
1366 2948 1705 3030 Dioecesis,
1752 2947 2111 3036 quamdam
2155 2949 2438 3017 retraxit
2481 2949 2867 3038 pensionem

762 3072 1055 3117 annuam
1100 3073 1238 3118 suae
1267 3050 1557 3118 ecclesioe
1585 3050 1901 3130 debitam,
1933 3050 2352 3138 qualiterque
2380 3051 2634 3117 nullam
2663 3051 2867 3118 aliam

763 3153 1004 3221 habuit
1046 3152 1465 3221 retractionis
1508 3153 1933 3233 occasionem,
1980 3153 2114 3220 nisi
2181 3154 2342 3241 quia
2401 3154 2477 3220 in
2540 3153 2869 3221 edictione

761 3258 1255 3347 compositionis
1327 3258 1527 3325 realis
1587 3258 1766 3325 inter
1824 3262 2048 3346 partes
2109 3258 2496 3325 nullatenus
2560 3259 2870 3346 apposuit

422 3364 499 3414 At
518 3364 600 3418 his
620 3382 698 3419 re-
762 3367 1080 3448 patronus
1139 3360 1431 3449 sigillum
1491 3382 1700 3427 suum.
1811 3359 2074 3427 Deinde
2133 3360 2310 3428 facta
2368 3359 2494 3428 sub
2551 3360 2868 3429 brevibus

423 3434 697 3565 {ffiss’p‘he
757 3462 882 3529 hac
925 3465 1358 3551 expositione,
1402 3463 1760 3550 requisivit
1804 3463 2084 3530 ulterius
2141 3463 2539 3531 modestiam
2584 3463 2742 3551 ejus,
2787 3466 2868 3529 ut

423 3574 659 3645 consents
677 3576 733 3620 to
758 3562 787 3603 4
809 3565 949 3652 ipse
977 3565 1109 3632 sibi
1136 3571 1369 3632 contra
1397 3566 1654 3632 dictum
1683 3566 2051 3645 Rectorem,
2079 3565 2335 3632 nullam
2362 3566 2439 3632 in
2465 3566 2611 3654 lege
2642 3565 2865 3634 Eccle-

420 3635 692 3751 fflffissss
756 3667 872 3734 siae
917 3668 1287 3756 legitimam
1330 3668 1752 3735 retractionis
1788 3654 2052 3737 causam
2081 3667 2455 3749 habentem,
2487 3668 2597 3736 vel
2624 3667 2867 3735 faceret

418 3761 499 3882 ἓ
522 3780 637 3817 own
755 3770 1307 3858 complementum
1368 3770 1674 3856 justitiae,
1734 3771 1866 3855 vel,
1914 3793 2035 3860 pro
2093 3771 2389 3838 celeriori
2443 3769 2868 3859 expeditione

417 3841 711 3952 thum-2130&
755 3873 860 3939 sui
903 3874 1170 3961 negotii,
1214 3873 1631 3961 permitteret
1675 3896 1939 3941 causam
1983 3873 2070 3940 ad
2115 3872 2382 3941 Curiam
2430 3873 2514 3941 de
2559 3870 2867 3940 Arcubus

415 3963 657 4085 ssffissfi
754 3976 1035 4058 devolvi,
1078 3976 1305 4064 ibique
1349 3999 1501 4044 eum
1544 3977 1899 4043 initialiter
1941 3982 2173 4043 contra
2218 3976 2472 4044 dictum
2519 3976 2865 4043 Rectorem

656 4050 727 4089 ω’
753 4079 891 4147 litis
966 4080 1313 4147 materiam
1386 4080 1739 4147 intentare.
1861 4078 2015 4162 Qui,
2091 4101 2354 4151 causam
2415 4078 2868 4166 requisitionis

752 4182 1006 4250 licitam
1049 4184 1527 4270 honestamque
1569 4183 1709 4249 fore
1754 4181 2184 4269 conspiciens,
2229 4203 2390 4247 mox
2438 4181 2610 4249 fflud
2653 4180 2866 4247 faeere

750 4286 1097 4367 consensit,
1158 4285 1575 4373 scribensque
1636 4284 2084 4352 excusatorias
2149 4283 2432 4353 Officia-li
2495 4282 2718 4351 Guriae
2784 4282 2868 4350 de

749 4387 1071 4467 Arcubus,
1114 4387 1408 4477 plenarie
1468 4388 1556 4454 ab
1616 4386 2109 4455 examinatione
2176 4385 2375 4454 dictae
2437 4384 2738 4471 materiae
2796 4406 2867 4450 se

750 4491 1153 4563 exoneravit.
1245 4489 1440 4574 Quod
1484 4489 1717 4558 Abbas
1761 4490 2052 4557 multum
2096 4492 2444 4576 gratanter
2492 4493 2864 4577 acceptans,

813 4681 826 4711 ¹
851 4678 1059 4730 eilator‘ie
1080 4678 1134 4730 in
1156 4679 1271 4732 MS.
1922 4676 1946 4712 ⁸
1969 4676 2200 4733 Dioneae:
2220 4677 2275 4731 in
2298 4678 2411 4733 MS.

811 4756 1171 4808 'accomodans
1191 4758 1381 4813 inMS.
1927 4756 2295 4823 ⁴ipsainMS;
