3467 5717
751 843 783 903 1
796 845 881 907 64
1414 850 1734 905 ANNALES
1776 849 2202 904 MONASTERII

419 1035 554 1086 AD.
579 1040 731 1089 1⁴23.
754 1049 789 1078 cc

833 1048 904 1109 et
948 1043 1196 1120 manee,
1241 1063 1318 1106 ac
1351 1030 1615 1106 'nullius
1667 1040 1953 1106 existere
1997 1037 2217 1105 voluit
2274 1031 2529 1105 roboris
2572 1039 2681 1106 vel
2726 1062 2866 1105 mo-

752 1154 787 1181 “
833 1147 1042 1211 menti
1080 1169 1096 1224 ;
1141 1147 1342 1230 prout
1371 1142 1445 1207 in
1475 1142 1674 1208 dictis
1701 1142 1964 1222 litteris,
1996 1143 2068 1207 in
2101 1141 2358 1229 quibus,
2389 1143 2566 1208 inter
2608 1148 2860 1208 caetera.

755 1255 789 1283 “
834 1248 1027 1312 bonae
1072 1246 1404 1312 memoriae
1452 1243 1726 1311 Ottonis
1758 1250 1827 1309 et
1857 1243 2201 1322 Ottoboni,
2234 1265 2311 1309 ac
2354 1243 2652 1325 aliorum,
2700 1244 2860 1309 olim

756 1355 791 1384 “
836 1350 906 1413 in
961 1370 1165 1435 regno
1210 1346 1611 1434 Apostolicae
1672 1345 1869 1412 Sedis
1915 1344 2337 1433 Legatorum‚
2382 1360 2639 1412 necnon
2698 1346 2860 1411 Pro-

755 1457 790 1486 “
835 1450 1231 1516 vincialibus
1275 1453 1344 1514 et
1394 1445 1889 1534 ¹Synodalibus
1924 1446 2256 1525 Conciliis,
2291 1446 2491 1514 editis
2534 1447 2857 1514 constitu-

757 1559 793 1588 “
837 1551 1148 1631 tionibus,
1203 1556 1271 1617 et
1319 1548 1872 1630 ordinationibuS,
1925 1549 2317 1637 derogatum
2361 1549 2635 1614 minime
2685 1550 2860 1615 exti-

756 1659 791 1688 “
837 1655 947 1733 tit,
994 1653 1251 1740 plenius
1309 1651 1707 1719 continetur.
1803 1650 1975 1717 Cum
2033 1655 2279 1731 autem,
2318 1651 2497 1717 sicut
2557 1650 2862 1717 exhibita

756 1762 791 1789 ‘⁶
837 1755 1029 1820 nobis
1090 1774 1301 1841 nuper
1362 1774 1482 1840 pro
1541 1757 1731 1840 parte
1777 1758 2002 1819 vestra
2048 1752 2288 1840 petitio
2331 1753 2740 1834 continebat,
2787 1753 2857 1818 in

755 1863 789 1893 “
833 1856 1078 1923 litteris
1122 1855 1457 1943 praedictis
1489 1853 1571 1921 de
1618 1853 2236 1921 Constitutionibus
2280 1860 2352 1921 et
2398 1854 2859 1921 ordinationi-

755 1964 790 1992 “
836 1958 960 2023 bus
1021 1955 1402 2042 hujusmodi
1466 1955 1654 2021 nulla
1718 1978 1987 2044 prorsus
2054 1956 2308 2023 mentio
2374 1956 2571 2037 facta,
2648 1978 2859 2043 neque

754 2067 789 2094 “
833 2058 967 2124 illis
1012 2059 1398 2146 derogatum
1440 2057 1664 2138 fuerit,
1697 2058 1962 2144 praefati
1993 2056 2336 2138 ordinarii,
2382 2065 2732 2146 propterea
2774 2059 2857 2123 de

756 2168 790 2198 “
835 2160 1013 2228 facili
1073 2161 1473 2227 occasionem
1534 2161 1663 2226 sibi
1722 2165 2147 2241 assumentes,
2196 2162 2548 2249 praedictas
2597 2161 2858 2227 litteras

756 2269 791 2298 ‘⁴
836 2283 1316 2348 nonnunquam
1359 2262 1772 2349 impugnare,
1820 2267 1890 2330 et
1934 2262 2352 2350 surreptitias
2395 2282 2683 2329 asserere
2726 2267 2860 2327 sat-

756 2372 791 2399 “
837 2370 1124 2453 agenteS‚
1170 2385 1307 2430 non
1336 2365 1479 2432 sine
1522 2364 1833 2430 maximis
1878 2365 2119 2431 vestris
2148 2364 2486 2431 laboribus
2515 2369 2587 2430 et
2615 2385 2859 2452 expen-

756 2473 788 2502 “
835 2467 945 2545 sis,
977 2464 1333 2532 difficulter
1375 2465 1768 2547 admittunt,
1801 2466 2194 2553 quandoque
2224 2488 2385 2533 vero
2414 2465 2565 2532 illas
2591 2468 2857 2553 penitus

753 2573 791 2604 “
835 2566 1190 2634 admittere
1248 2572 1573 2648 recusant,
1653 2588 1902 2653 vosque
1962 2567 2318 2654 quominus
2391 2567 2554 2656 ipsse
2614 2567 2858 2633 litterae

752 2674 788 2704 ‘⁶
833 2690 1027 2734 suum
1089 2668 1392 2734 debitum
1451 2670 1822 2737 sortiantur
1874 2669 2179 2736 effectum
2236 2669 2729 2758 impediverunt
2788 2673 2861 2735 et

753 2777 789 2807 “
833 2769 1416 2858 perturbaverunt,
1442 2775 1513 2837 et
1542 2771 1843 2858 quotidie
1871 2792 1993 2837 vos
2023 2771 2343 2859 impedire
2373 2776 2442 2839 et
2472 2770 2860 2860 perturbare

750 2878 785 2908 ‘⁸
830 2871 1163 2954 nituntur,
1184 2871 1256 2936 in
1285 2877 1577 2938 vestrum
1612 2878 1683 2939 et
1714 2873 2099 2941 monasterii
2129 2872 2338 2939 vestri
2362 2895 2571 2961 grave
2593 2874 2856 2960 dispen-

752 2980 789 3008 “
835 2974 1020 3039 dium
1052 2979 1123 3040 et
1142 2973 1475 3059 jacturam
1496 2974 1770 3053 z—Nos‚
1817 2974 2117 3042 volentes
2145 2975 2381 3041 vestris
2412 2974 2482 3039 in
2511 2974 2637 3041 hac
2665 2980 2859 3061 parte

752 3082 787 3111 “
834 3074 1425 3163 supplicationibus
1455 3076 1779 3156 inclinati,
1801 3077 2124 3157 volumus,
2157 3082 2227 3144 et
2256 3076 2638 3164 Apostolica
2664 3076 2859 3142 vobis

751 3184 787 3213 “
832 3179 1229 3244 auctoritate
1259 3178 1690 3271 concedimus,
1722 3179 1902 3266 quod
1944 3179 2191 3246 litterae
2233 3179 2548 3266 praefatae,
2579 3183 2649 3245 et
2679 3200 2856 3265 quae-

751 3286 785 3316 “
831 3302 1088 3368 cunque
1132 3281 1290 3348 inde
1320 3286 1562 3359 secuta,
1609 3304 1647 3346 a
1696 3282 1858 3347 data
1902 3281 2331 3369 praesentium
2363 3281 2636 3370 perinde
2678 3281 2855 3347 vale-

750 3390 787 3418 “
831 3390 970 3462 ant,
1000 3383 1390 3471 plenamque
1420 3383 1674 3449 roboris
1709 3383 2099 3450 firmitatem
2133 3383 2499 3463 obtineant,
2532 3405 2853 3470 suumque

750 3493 786 3520 “
832 3485 1099 3572 plenum
1145 3485 1218 3551 in
1265 3484 1572 3550 omnibus
1607 3490 1676 3551 et
1720 3506 1841 3573 per
1868 3484 2095 3551 omnia
2136 3485 2503 3551 sortiantur
2529 3485 2854 3563 effectum,

749 3593 785 3622 “
831 3587 994 3651 alias
1027 3586 1234 3672 juxta
1276 3586 1572 3672 ipsarum
1618 3586 2098 3654 continentiam
2145 3591 2346 3674 atque
2405 3585 2697 3666 formam,
2745 3607 2854 3651 ac-

747 3693 783 3729 “
828 3686 886 3751 si
953 3686 1028 3750 in
1089 3686 1251 3772 ipsis
1296 3686 1541 3754 litteris
1584 3688 1612 3725 ²
1636 3688 1909 3755 Ottonis
1954 3692 2024 3755 et
2070 3687 2413 3766 ottoboni,
2456 3693 2527 3753 et
2571 3688 2853 3753 aliorum

745 3793 783 3823 “
833 3786 1242 3875 Legatorum'
1259 3788 1746 3875 praedictorum,
1777 3811 1854 3856 ac
1882 3789 1958 3855 in
1989 3789 2521 3856 Provincialibus
2567 3794 2636 3856 et
2684 3787 2851 3876 ¹Sy-

771 3896 785 3923 ‘
827 3888 1180 3956 nodalibus
1228 3890 1544 3957 Conciliis
1591 3891 1792 3957 editis
1853 3891 2468 3959 Constitutionibus
2526 3890 2723 3980 plena
2780 3896 2850 3957 et

830 4012 1139 4079 expressa
1180 3992 1435 4059 mentio
1477 3992 1676 4074 facta,
1713 3994 1976 4081 illisque
2020 3993 2431 4080 derogatum,
2474 3992 2857 4075 extitissetg

828 4115 962 4175 non
1008 4092 1432 4160 obstantibus
1476 4095 1719 4161 eisdem
1755 4093 2390 4173 Constitutionibus,
2420 4115 2497 4160 ac
2543 4095 2851 4161 omnibus

746 4199 782 4228 “
828 4195 964 4260 illis
1007 4216 1159 4283 quoe
1217 4195 1394 4262 idem
1455 4196 1833 4263 Bonifacius
1896 4196 2135 4263 Nonus
2200 4197 2276 4261 in
2342 4195 2543 4269 dictis
2606 4196 2851 4262 litteris

742 4301 781 4341 “
827 4295 1045 4361 voluit
1072 4317 1210 4361 non
1239 4296 1519 4379 obstare,
1542 4299 1924 4385 caeterisque
1954 4298 2307 4365 contrariis
2332 4297 2848 4385 quibuscunque.

745 4402 781 4432 “
826 4396 1015 4465 Nulli
1082 4418 1237 4486 ergo
1300 4398 1569 4465 omnino
1631 4398 1977 4469 hominum
2042 4400 2243 4489 liceat
2307 4399 2479 4466 hanc
2538 4399 2849 4488 paginam

816 4681 830 4711 ¹
860 4679 1177 4732 sinodalibus
1198 4681 1253 4732 in
1275 4682 1387 4734 MS.
1845 4682 2101 4750 evidently
2122 4682 2174 4734 in
2199 4697 2352 4735 error.

810 4759 832 4792 ²
852 4758 914 4809 de
953 4759 998 4827 is
1037 4759 1254 4813 inserted
1292 4763 1414 4814 here
1435 4761 1489 4812 in
1510 4763 1596 4814 the
1617 4762 1751 4827 MS„
