3467 5717
764 802 894 865 242
1431 809 1748 862 ANNALEs
1791 808 2215 859 MoNAs'rEmI

434 1020 740 1077 A.n.1427,s.
771 1013 806 1043 “
843 1006 995 1094 jure
1040 1005 1304 1094 poterit,
1351 1002 1531 1079 dicit,
1562 1001 1826 1088 allegat,
1859 1006 1929 1067 et
1971 1001 2046 1065 in
2089 1000 2221 1065 hiis
2255 999 2519 1087 scriptis
2562 999 2887 1087 proponit,

773 1116 811 1147 “
855 1129 1075 1175 coram
1123 1106 1335 1186 nobie,
1397 1105 1690 1170 Domino
1735 1103 1935 1169 diotae
1982 1103 2203 1170 Curiae
2254 1100 2665 1169 Praesidente
2726 1123 2887 1189 quo-

774 1217 810 1247 “
857 1231 1135 1296 cunque,
1170 1207 1348 1298 quod
1376 1229 1530 1294 pars
1574 1205 1901 1273 dictorum
1945 1205 2228 1272 Abbatis
2273 1209 2343 1271 et
2372 1204 2760 1271 Conventus
2801 1226 2886 1270 ex

775 1321 811 1350 “
859 1312 1162 1379 deductis
1205 1313 1349 1379 sive
1410 1309 1704 1376 narratis
1750 1309 1821 1373 in
1867 1308 2045 1374 dicto
2105 1329 2226 1374 suo
2268 1308 2495 1374 libello
2539 1330 2609 1375 se
2643 1309 2884 1393 juvare

778 1423 813 1452 “
860 1437 997 1483 non
1040 1415 1305 1503 poterit,
1352 1433 1569 1500 neque
1614 1412 1810 1479 debet
1865 1412 2338 1498 quovismod03
2386 1432 2507 1499 pro
2548 1432 2626 1477 eo
2672 1416 2743 1478 et
2800 1434 2883 1477 ex

779 1526 817 1555 “
862 1540 939 1585 eo
984 1518 1163 1605 quod
1196 1522 1335 1583 tam
1376 1517 1459 1582 de
1493 1516 1646 1601 jure
1676 1515 2010 1580 communi
2039 1535 2242 1601 quam
2286 1515 2368 1580 de
2415 1513 2885 1580 consuetudine

781 1628 831 1663 “·
860 1620 1182 1686 laudabili
1226 1624 1296 1685 et
1338 1618 1638 1705 antiqua,
1684 1617 2004 1684 hactenus
2068 1616 2337 1703 pacifice
2381 1622 2450 1683 et
2509 1617 2886 1684 inconcusse
2969 1630 2974 1638 ’

778 1728 816 1758 “
860 1722 1128 1804 usitata,
1199 1721 1566 1799 observata,
1627 1719 1922 1798 obtenta,
1996 1719 2420 1807 legitimeque
2485 1721 2883 1808 praescripta,

782 1835 816 1864 “
854 1827 969 1913 jus
1014 1823 1419 1912 percipiendi
1465 1828 1536 1889 et
1575 1822 1864 1889 habendi
1902 1814 2205 1889 decimas‘
2232 1843 2656 1910 quascunque
2699 1824 2773 1887 in
2819 1827 2888 1888 et

778 1935 815 1966 “
862 1929 944 1996 de
975 1929 1475 2014 quibuscunque
1518 1928 1716 1992 terris
1748 1930 1818 1991 et
1845 1925 2020 2008 locis,
2054 1929 2124 1991 et
2169 1926 2535 2013 praesertim
2568 1926 2649 1992 de
2681 1926 2889 1991 domi-

779 2040 813 2067 “
859 2031 1026 2108 nico,
1072 2031 1215 2095 sive
1262 2028 1572 2107 dominic,
1626 2049 1701 2094 ac
1746 2028 1959 2110 terris,
2008 2027 2232 2115 pratis,
2278 2032 2351 2094 et
2407 2030 2669 2116 campis,
2717 2029 2886 2114 ejus-

784 2140 818 2169 “
863 2134 1016 2198 dem
1046 2131 1378 2210 dominici,
1423 2130 1565 2196 sive
1609 2131 1908 2211 dominii,
1940 2131 2021 2196 de
2052 2131 2292 2217 quibus
2318 2131 2395 2196 in
2436 2132 2617 2198 dicto
2662 2130 2886 2196 libello

784 2244 817 2271 “
862 2236 945 2301 fit
992 2233 1260 2311 mentio,
1316 2233 1492 2298 infra
1534 2233 1928 2320 parochiam,
1976 2254 2054 2299 ac
2101 2233 2267 2299 fines
2312 2240 2382 2300 et
2438 2235 2702 2313 limites,
2748 2234 2887 2299 sive

784 2344 821 2374 “
865 2338 1008 2403 loca
1053 2335 1472 2402 decimabilia
1514 2335 1843 2423 parochiae
1890 2336 2086 2402 dictae
2155 2335 2438 2404 ecclesiae
2503 2336 2887 2424 parochialis

784 2447 822 2477 “
869 2441 949 2507 de
995 2438 1330 2527 Horpolle,
1376 2439 1758 2506 constitutis
1803 2444 1873 2504 et
1907 2438 2287 2526 jacentibus
2350 2441 2888 2527 qualitercunque

782 2552 819 2581 “
864 2544 1344 2630 provenientes,
1376 2542 1462 2607 ad
1494 2541 1736 2607 dictam
1770 2542 2101 2607 ecclesiam
2140 2541 2220 2608 de
2269 2542 2604 2630 Horpolle,
2650 2543 2886 2631 ipsius-

782 2652 816 2681 “
863 2665 990 2732 que
1023 2645 1366 2710 Rectorem
1395 2664 1518 2731 pro
1549 2648 1843 2732 tempore
1873 2643 2287 2726 existentem,
2311 2646 2466 2732 jure
2508 2651 2578 2712 et
2620 2648 2888 2712 nomine

782 2754 817 2784 “
865 2747 1155 2833 ejusdem
1201 2747 1487 2813 ecclesiae
1531 2746 1742 2813 solum
1805 2751 1875 2812 et
1919 2746 1994 2812 in
2038 2747 2339 2829 solidum,
2387 2752 2457 2814 et
2499 2749 2588 2814 ad
2630 2748 2887 2814 nullum

786 2859 822 2889 “
865 2851 1090 2928 alium,
1134 2849 1487 2938 pertinuit,
1532 2849 1848 2937 pertinet,
1911 2853 1981 2915 et
2042 2851 2371 2938 pertinere
2429 2852 2625 2918 debet
2685 2852 2886 2918 etiam

787 2961 819 2990 ‘⁶
869 2954 941 3019 in
986 2953 1333 3033 futurum;
1395 2951 1801 3039 fueruntque
1847 2952 2159 3019 Rectores
2221 2953 2414 3020 dictae
2458 2953 2742 3021 ecclesiae
2803 2954 2887 3019 de

787 3062 822 3092 “
867 3055 1186 3143 Horpolle
1261 3076 1377 3142 per
1470 3059 1773 3141 tempora
1854 3056 2215 3122 existentes
2289 3055 2552 3145 praefati
2618 3057 2889 3123 Domini

788 3165 825 3196 ‘¹
872 3158 1188 3224 Willelmi
1235 3155 1658 3235 Cheseldene,
1690 3157 1997 3223 Rectoris
2040 3157 2331 3246 ejusdem
2375 3159 2694 3243 moderni,
2724 3182 2892 3247 prae-

789 3267 823 3296 “
871 3281 1150 3328 cessores
1195 3265 1265 3325 et
1324 3259 1826 3346 praedecessores
1871 3281 2097 3326 omnes
2141 3265 2210 3325 et
2253 3261 2500 3349 singuli
2544 3262 2681 3328 suis
2724 3267 2893 3327 tem-

790 3372 823 3399 “
867 3362 1136 3450 poribus
1210 3360 1629 3443 successivis3
1707 3382 1783 3427 ac
1858 3361 2036 3427 idem
2113 3362 2437 3428 Dominus
2506 3363 2886 3443 willelmus,

788 3476 820 3502 “
870 3466 1127 3547 Rector,
1158 3486 1279 3552 pro
1310 3469 1604 3553 tempore
1635 3485 1756 3529 suo
1796 3464 1930 3529 fuit
1974 3485 2230 3551 semper
2257 3470 2328 3531 et
2372 3466 2700 3547 continue,
2739 3466 2890 3552 jure

790 3575 827 3604 “
871 3571 940 3632 et
984 3566 1253 3632 nomine
1300 3567 1497 3632 dictae
1535 3565 1824 3632 ecclesiae
1871 3566 1952 3631 de
2001 3566 2339 3654 Horpolle,
2386 3569 2460 3635 in
2487 3570 2889 3656 possessione

790 3676 821 3704 “
862 3669 1051 3753 juris,
1091 3688 1208 3732 seu
1255 3668 1458 3754 quasi,
1507 3668 1911 3755 percipiendi
1957 3672 2026 3734 et
2070 3669 2355 3735 habendi
2399 3671 2681 3737 decimas
2724 3694 2892 3758 prae·

790 3778 825 3806 “
873 3770 1080 3835 dictas
1125 3790 1347 3835 omnes
1407 3776 1476 3835 et
1521 3770 1833 3857 singulas,
1888 3793 1931 3835 a
1975 3772 2211 3852 decem,
2260 3769 2527 3859 viginti,
2589 3773 2888 3860 triginta,

792 3880 825 3908 “
870 3872 1334 3958 quadraginta,
1397 3872 1903 3959 quinquaginta,
1968 3877 2037 3938 et
2103 3875 2465 3960 sexaginta,
2539 3877 2750 3954 annis,
2817 3898 2890 3941 ac

712 3990 727 4007 “
790 3982 824 4011 “
870 3975 1048 4042 ultra
1092 3978 1162 4040 et
1205 3974 1389 4055 citra,
1421 3994 1677 4040 necnon
1723 3997 1766 4039 a
1809 3981 2106 4061 tempore
2151 3980 2220 4041 et
2249 3996 2366 4063 per
2409 3982 2671 4065 tempus
2706 3979 2892 4063 cujus

794 4086 828 4115 ‘⁴
875 4077 1184 4144 contrarii
1228 4077 1546 4142 memoria
1589 4076 1937 4143 hominum
1983 4098 2121 4142 non
2173 4078 2405 4144 existit
2425 4104 2441 4160 ;
2489 4100 2565 4143 ac
2624 4102 2732 4145 eas
2777 4102 2893 4167 per

792 4188 831 4218 “
879 4202 948 4247 se
994 4187 1062 4246 et
1109 4201 1260 4245 suos
1291 4183 1722 4267 perceperunt
1768 4184 1838 4245 et
1882 4179 2278 4262 habuerunt,
2324 4186 2395 4246 et
2438 4181 2520 4247 de
2563 4182 2659 4248 eis
2688 4182 2891 4248 libere

793 4290 829 4319 “
877 4284 1384 4369 disposuerunt3
1449 4282 1669 4367 sicque
1728 4283 2021 4368 percepit
2087 4288 2160 4348 et
2209 4283 2462 4365 habuit,
2527 4289 2598 4350 et
2658 4285 2741 4349 de
2800 4288 2893 4350 eis

796 4392 832 4420 “
876 4384 1079 4450 libere
1124 4383 1467 4471 disposuit,
1512 4404 1742 4450 eorum
1797 4384 2079 4470 quilibet
2124 4377 2381 4472 semper
2432 4393 2501 4452 et
2558 4387 2891 4471 continue,

792 4494 827 4523 “
872 4487 1105 4554 saltem
1153 4491 1447 4574 tempore
1492 4508 1629 4568 suc,
1678 4506 1884 4572 usque
1928 4485 2015 4551 ad
2060 4492 2322 4575 tempus
2366 4491 2706 4575 praesentis
2743 4513 2895 4556 con-

786 4595 822 4624 “
868 4590 1222 4668 troversiae,
1282 4588 1661 4655 Abbatibus
1740 4594 1809 4654 et
1874 4589 2224 4655 Conventu
2288 4589 2452 4656 dicti
2510 4594 2894 4660 monasterii

788 4699 824 4725 “
871 4692 1101 4757 Sancti
1164 4691 1412 4757 Albani
1487 4713 1606 4778 per
1679 4697 1976 4778 tempora
2050 4693 2492 4760 existentibus
2551 4694 2891 4786 praemissa
