3467 5717
840 833 971 898 112
1465 809 1473 817 ’
1510 841 1831 894 manas
1873 839 2295 892 Housman

503 1043 640 1095 ΑΒ.
667 1046 813 1092 1423-
931 1033 1091 1099 “Et
1154 1031 1314 1118 quia
1380 1052 1530 1096 cum
1599 1029 1952 1117 praemissis
2016 1026 2346 1093 detectum
2410 1030 2554 1091 erat
2617 1023 2945 1110 quomodo

842 1143 879 1173 “
925 1136 1102 1201 inter
1132 1135 1369 1200 fratres
1399 1132 1672 1220 quidam
1702 1131 1946 1219 saepius
1973 1152 2171 1218 quam
2203 1134 2304 1195 est
2349 1150 2608 1195 necesse
2639 1129 2945 1216 parentes

845 1246 878 1275 “
927 1237 1228 1315 visitant,
1259 1236 1680 1323 vagandique
1710 1239 2021 1321 quaerunt
2053 1233 2436 1311 occasiones,
2470 1237 2539 1298 et
2570 1232 2946 1318 frequenter

844 1349 880 1379 “
927 1342 1000 1407 in
1030 1340 1448 1429 opprobrium
1484 1338 1774 1416 Ordinis,
1806 1342 1875 1402 et
1906 1336 2285 1423 obloquium
2318 1335 2569 1414 domuS,
2600 1334 2946 1401 ambulant

845 1454 879 1482 “
924 1466 1119 1532 super
1179 1443 1395 1531 pedes,
1446 1441 1865 1520 consulimuS,
1916 1438 2349 1526 suggerimus,
2410 1444 2481 1503 et
2537 1437 2562 1476 ¹
2585 1437 2946 1517 hortamur,

847 1557 887 1586 “
935 1554 1030 1626 ut,
1066 1546 1448 1635 ponderatis
1493 1545 1565 1609 in
1612 1543 1733 1609 hac
1778 1549 1969 1631 parte
2014 1564 2163 1628 quae
2208 1547 2465 1608 restant
2508 1540 2949 1628 ponderanda,

850 1657 886 1687 “
931 1651 1143 1715 rarius
1180 1656 1264 1713 'ac
1310 1647 1632 1711 maturius
1680 1645 1763 1711 de
1810 1652 2045 1711 caetero
2090 1667 2209 1731 pro
2241 1643 2618 1730 hujusmodi
2665 1643 2950 1708 licentiis

849 1761 883 1788 “
930 1750 1284 1817 instantias
1315 1749 1598 1827 faciant3
1628 1771 1704 1813 ac
1736 1769 1887 1813 cum
1918 1748 2227 1814 obtentas
2256 1746 2567 1825 habeant,
2601 1750 2952 1832 procurent

852 1862 887 1891 “
935 1854 1062 1920 sibi
1109 1875 1329 1939 equos,
1378 1873 1497 1917 nec
1559 1851 1640 1915 de
1703 1856 1941 1916 caetero
1993 1850 2080 1915 ad
2124 1851 2284 1928 loca,
2330 1850 2564 1914 saltem
2614 1847 2951 1924 distantia,

851 1964 886 1993 “
932 1954 1185 2044 pedites
1230 1952 1658 2040 quovismodo
1704 1952 2012 2019 vadant.''

852 2263 949 2329 De
995 2261 1336 2349 fuyiendo
1393 2260 1772 2327 muliemm
1831 2259 2172 2348 colloquia
2235 2266 2294 2326 et
2368 2259 2448 2325 de
2522 2258 2958 2326 declinandis

1037 2363 1200 2431 locis
1240 2363 1684 2443 monialium,
1729 2362 1974 2449 absque
2024 2363 2302 2428 licentia
2345 2361 2633 2448 majoris
2677 2362 2764 2428 ‘in
2813 2361 2957 2428 Mo-

1033 2465 1844 2552 naama-Capitulum
1872 2465 2227 2532 decimum.

522 2648 827 2731 lae-galation
946 2642 981 2671 “
1017 2634 1363 2714 Praeterea,
1398 2633 1934 2715 decimo—Quia
1963 2634 2342 2722 frequenter
2387 2657 2538 2701 cum
2575 2634 2962 2700 mulieribus

522 2730 785 2835 ξιᾞξᾞὲἕ
859 2744 897 2773 “
942 2736 1338 2822 colloquium
1386 2737 1659 2801 titulum
1706 2759 1885 2803 sanae
1932 2738 2260 2825 opinionis
2305 2738 2715 2817 dehonestat,
2763 2741 2831 2801 et
2861 2736 2962 2799 in-

523 2864 775 2914 company
860 2846 897 2874 “
943 2836 1202 2905 terdum
1234 2839 1512 2905 suscitat
1557 2841 1905 2906 materiam
1936 2842 2415 2923 scandalorum,
2446 2842 2783 2928 cupientes
2811 2861 2963 2905 con·-

523 2917 804 3034 ggffiossen
862 2949 897 2978 “
944 2946 1051 3008 tra
1096 2942 1399 3008 laeam-am
1456 2948 1594 3008 tam
1647 2944 1936 3009 nominis
1998 2966 2195 3030 quam
2242 2944 2517 3032 spiritus
2575 2943 2964 3029 regulariter

527 3049 752 3101 avoided.
860 3054 896 3082 “
943 3050 1282 3133 protegere
1316 3066 1549 3131 pecora
1583 3047 1797 3112 nostri
1843 3047 2079 3134 gregis,
2120 3046 2544 3135 prohibemus
2574 3045 2962 3121 districtim,

866 3156 902 3186 “
950 3170 1026 3213 ac
1089 3148 1291 3214 etiam
1355 3147 1748 3226 inhibemus,
1795 3170 1879 3214 ne
1951 3150 2298 3236 quisquam
2362 3149 2645 3215 fratrum
2709 3148 2963 3225 amod0,

864 3257 901 3287 “
945 3255 1188 3337 praeter
1261 3250 1382 3315 hos
1449 3250 1788 3316 duntaxat
1856 3252 2097 3338 quibus
2171 3252 2503 3318 incumbit
2577 3273 2663 3316 ex
2737 3250 2964 3325 officio,

866 3362 901 3391 ‘³
949 3377 1099 3421 cum
1160 3352 1548 3419 mulieribus
1607 3352 1990 3440 frequenter
2033 3352 2388 3441 2[11abeat]
2453 3353 2795 3439 colloquia,
2848 3374 2964 3417 seu

867 3466 904 3492 “
949 3458 1035 3522 ad
1102 3457 1245 3522 loca
1307 3456 1690 3522 monialium
1761 3478 1963 3544 prope
2028 3455 2527 3535 Monasterium‚
2588 3461 2709 3521 aut
2761 3455 2969 3540 juxta

864 3565 901 3594 “
947 3558 1394 3634 Redburnam,
1444 3578 1835 3645 quacunque
1880 3580 1965 3624 ex
2011 3580 2208 3625 causa
2265 3562 2582 3637 transeat,
2630 3557 2762 3621 nisi
2818 3577 2968 3622 cum

865 3667 899 3693 “
946 3659 1217 3724 licentia
1261 3681 1337 3724 ac
1383 3660 1660 3726 scientia
1729 3660 1999 3748 majoris
2055 3662 2126 3725 in
2173 3660 2617 3737 Monasterio;
2662 3664 2732 3724 et
2790 3665 2970 3735 tunc,

866 3768 903 3796 “
948 3766 1217 3848 propter
1282 3782 1547 3826 causam
1614 3762 2077 3829 rationabilem
2140 3768 2259 3828 aut
2322 3762 2751 3829 necessariam
2797 3782 2972 3826 com-

863 3870 897 3899 “
944 3862 1325 3928 municandi
1369 3884 1518 3928 cum
1564 3863 1825 3932 eisdem.

957 3965 1106 4030 “In
1171 3965 1294 4029 hac
1357 3969 1579 4030 tamen
1650 3987 1865 4045 causa,
1930 3970 2050 4032 aut
2117 3967 2354 4053 quavis
2420 3965 2569 4045 alia,
2619 3987 2753 4032 non
2815 3985 2972 4031 con-

865 4078 902 4105 “
949 4068 1258 4149 cedimus,
1312 4089 1434 4133 nec
1485 4067 1951 4156 permittimus,
1995 4069 2172 4155 quod
2234 4069 2582 4154 quisquam
2647 4067 2973 4134 transiens

868 4180 905 4207 “
941 4172 1261 4258 juvenem
1324 4171 1611 4256 aliquem
1656 4192 1873 4235 secum
1938 4176 2177 4250 sumat,
2227 4176 2346 4237 aut
2390 4194 2508 4259 pro
2576 4172 2721 4259 ipso
2779 4171 2976 4236 licen·

872 4279 910 4308 “
957 4273 1125 4338 tiam
1171 4276 1382 4359 petat,
1429 4271 1561 4337 nisi
1623 4272 1848 4338 forsan
1895 4278 2089 4339 tanta
2131 4274 2223 4339 sit
2267 4274 2337 4339 in
2384 4274 2710 4361 petitione
2757 4294 2975 4339 neces-

873 4384 905 4410 “
953 4375 1134 4452 sitas,
1207 4374 1386 4460 quod
1462 4395 1613 4439 cum
1688 4374 1952 4441 ratione
2027 4376 2256 4463 negari
2330 4361 2715 4441 nullatenus
2806 4375 2974 4440 bene

879 4485 914 4511 “
961 4474 1231 4565 posset.”

944 4705 959 4738 ¹
985 4712 1200 4759 armar
1221 4707 1273 4756 in
1294 4707 1407 4759 ms.
1910 4705 1923 4775 ι
2022 4706 2044 4739 ²
2065 4706 2287 4760 Omitted
2308 4708 2360 4763 in
2383 4707 2496 4761 us.
