3467 5717
1311 823 1557 876 sANc‘n
1605 824 1880 911 mmm,
2533 815 2563 876 1
2576 814 2659 879 49

559 1013 596 1043 “
641 1004 872 1094 quiro;
915 1029 1119 1095 spem,
1165 1008 1331 1074 alias
1376 1009 1667 1088 dubiam,
1709 1011 2065 1077 habiturus
2112 1014 2231 1100 pro
2276 1018 2436 1080 tunc
2494 1013 2658 1079 satis
2684 1023 2823 1076 A.D.
2852 1026 2995 1074 1423.

554 1114 593 1144 “
635 1110 916 1191 firmam,
948 1110 1281 1198 quomodo
1310 1132 1449 1177 una
1491 1132 1643 1177 cum
1672 1111 1814 1179 filio
1856 1119 2137 1201 paterna
2162 1113 2421 1181 videbit
2447 1115 2659 1181 beati-

557 1217 593 1246 “
639 1211 804 1277 tudo
848 1212 1029 1279 diem
1061 1213 1321 1279 dierum
1370 1211 1894 1295 desiderabilem,
1928 1238 2063 1302 qua
2091 1223 2291 1304 rupta
2333 1218 2662 1305 paulisper

555 1318 590 1347 “
635 1312 945 1381 Ecclesiae
976 1315 1262 1382 maceria
1289 1315 1808 1382 reaedificabitur
1851 1317 2158 1384 totaliter
2206 1318 2482 1407 integra,
2515 1319 2665 1386 fiet·

555 1421 590 1448 “
638 1436 767 1500 que
809 1415 1097 1483 ubilibet
1141 1417 1214 1482 in
1265 1416 1772 1483 Christianismo
1816 1419 2075 1483 vinitor
2136 1441 2308 1486 unus
2352 1427 2423 1487 et
2468 1421 2666 1487 vinea

555 1523 590 1552 “
639 1540 789 1585 una.
902 1519 1095 1599 Quod
1142 1521 1283 1606 ipsa
1333 1518 1629 1586 almiflua
1675 1519 1871 1600 Vitis,
1915 1520 2102 1608 cujus
2156 1521 2430 1587 Domini
2477 1524 2662 1610 Apo-

553 1627 588 1654 “
636 1619 851 1686 stolici
880 1625 1042 1687 sunt
1064 1621 1380 1708 palmiteS,
1409 1620 1758 1709 benignius
1787 1628 2084 1703 annuat;
2113 1646 2263 1710 quse
2292 1624 2364 1688 in
2396 1624 2659 1690 unitate

553 1729 590 1757 “
635 1722 790 1788 fidei
855 1723 1116 1789 unicam
1175 1722 1509 1810 plantavit
1551 1723 1838 1803 vineam,
1886 1724 2265 1807 Ecclesiam,
2324 1726 2652 1805 videlicet,

556 1829 591 1858 “
637 1823 1134 1891 ¹.ortbodoxam
1226 1824 1511 1893 Amenl'

637 1926 893 2007 Quibus
960 1927 1086 1994 sub
1147 1927 1565 2014 breviloquio
1614 1929 1707 1994 sic
1767 1928 2029 2008 locutis,
2083 1931 2317 1998 statim
2377 1932 2654 2018 praelato
2678 1938 2790 1990 The
2804 1940 3002 1992 Pontiff

549 2029 861 2096 Pontifex
921 2030 995 2095 in
1045 2029 1172 2096 bae
1215 2029 1575 2096 verborum
1628 2031 1967 2097 sententia
2025 2032 2232 2099 dabat
2292 2033 2710 2121 benignqu
2680 2007 2993 2139 ῗξᾷζω

547 2153 949 2218 responsum,
979 2131 1243 2199 dicens.
1247 2139 1355 2181 ——‘
1359 2131 1536 2196 ‘Fili
1566 2131 1914 2199 carissime.
1920 2132 2151 2199 -Etsi
2182 2134 2360 2200 inter
2389 2135 2701 2201 eaeterosi
2702 2147 2959 2203 ngterm.

549 2240 585 2269 “
633 2238 875 2299 vestrae
903 2233 1196 2322 nationis
1245 2233 1554 2323 praelatos
1601 2255 1720 2298 vos
1765 2233 2140 2315 novissime,
2188 2236 2425 2322 laqueo
2467 2239 2660 2325 regri-

548 2334 888 2402 “tudinis
933 2334 1327 2415 retardante,
1390 2335 1478 2400 ad
1545 2339 1842 2400 nostram
1911 2336 2171 2403 vineam
2239 2340 2659 2419 accesseritis,

545 2444 584 2475 ‘⁶
627 2444 1038 2518 nostamen,
1070 2437 1229 2523 Ejus
1261 2437 1562 2524 vestigiis
1603 2437 2009 2518 inhaerendo,
2043 2441 2161 2525 qui
2197 2441 2404 2526 jussit
2434 2443 2657 2508 novis-

546 2547 583 2576 “
626 2540 791 2606 simo
838 2539 982 2604 dari
1035 2538 1209 2605 sicut
1253 2544 1323 2605 et
1367 2539 1599 2626 primo,
1667 2539 1973 2605 volumus
2033 2560 2152 2606 vos
2212 2542 2282 2606 in
2350 2543 2653 2609 mercede

546 2650 582 2680 “
625 2643 963 2730 parificare
1023 2656 1172 2708 cum
1228 2642 1484 2729 priore3
1553 2664 1674 2708 nec
1737 2642 2180 2729 denegabitur
2224 2643 2416 2710 vobis
2471 2646 2651 2732 paris

547 2754 583 2783 “
627 2745 871 2812 valoris
911 2744 1218 2811 denarius
1246 2744 1543 2821 cumillo
1573 2745 1687 2830 qui
1720 2743 2007 2809 dabatur
2051 2744 2211 2831 ipsis
2256 2747 2372 2832 qui
2400 2748 2652 2835 priores

546 2855 582 2884 “
624 2848 711 2914 ad
739 2848 911 2913 hanc
952 2852 1251 2913 nostram
1293 2847 1560 2912 vineam
1600 2852 2031 2928 accesserant,
2062 2852 2132 2913 et
2167 2870 2285 2914 vos
2317 2871 2652 2936 praevene-

551 2956 590 2986 “
630 2955 787 3017 rant
830 2949 919 3016 ad
959 2948 1238 3015 labores.
1327 2949 1415 3014 In
1461 2953 1733 3015 tantum
1765 2949 2004 3035 utique
2052 2948 2373 3015 habemus
2420 2972 2539 3015 vos
2584 2956 2655 3016 et

547 3058 584 3088 “
628 3057 898 3134 vestros,
916 3056 1185 3138 propter
1202 3048 1656 3115 immediatam
1674 3048 2164 3135 subjectionem,
2185 3052 2653 3132 recommissos,

546 3162 584 3192 ‘⁸
631 3160 712 3220 ut
758 3153 1068 3241 quicquid
1112 3176 1155 3218 a
1192 3153 1382 3219 nobis
1426 3170 1578 3218 eum
1631 3152 1891 3218 ratione
1940 3158 2165 3239 petere
2210 3154 2654 3232 decreveritis,

541 3266 581 3297 “
627 3257 1032 3325 concedere
1054 3276 1174 3321 nos
1248 3254 1623 3342 oportebit,
1697 3275 1820 3320 neo
1894 3255 2257 3340 poterimus
2329 3256 2655 3343 denegare

546 3369 585 3397 “
630 3361 842 3428 vobis.
905 3358 1130 3446 Igitur
1159 3379 1310 3423 cum
1340 3356 1574 3423 Sancti
1620 3355 1808 3423 Petri
1839 3360 1910 3421 et
1940 3361 2167 3421 nostra
2194 3356 2656 3423 benedictione

543 3470 582 3503 “
625 3460 959 3542 recedatis,
1022 3467 1092 3526 et
1151 3456 1441 3525 redeatis
1501 3479 1653 3525 cum
1713 3442 2328 3544 supplicationibus,
2389 3459 2655 3545 quando

546 3571 583 3601 “
626 3563 983 3642 vacaverit,
1045 3567 1117 3629 et
1177 3582 1299 3627 nos
1361 3560 1576 3642 vobis,
1627 3559 1837 3646 juxta
1878 3560 2291 3646 promissum,
2356 3566 2650 3648 optatam

544 3678 582 3705 “
627 3667 911 3755 gratiam
956 3661 1323 3732 faciemus?

636 3769 866 3834 Abbas
893 3767 1119 3855 igitur,
1153 3769 1303 3854 post
1331 3765 1521 3831 varia
1548 3764 2050 3830 interlocutoria
2079 3765 2162 3831 de
2195 3765 2393 3854 Rege,
2424 3788 2648 3854 regno,
2676 3780 2830 3831 Aster
2849 3795 2989 3832 some

546 3870 857 3958 regnique
887 3868 1229 3957 regimine,
1258 3867 1596 3933 licentiam
1628 3888 1818 3932 suam
1846 3866 2170 3954 sumpsit,
2214 3868 2650 3953 salutatisque
2674 3846 2939 3964 mgna-

550 3972 1014 4040 cardinalibus
1045 3976 1115 4038 et
1145 3968 1493 4058 Episcopis
1538 3969 1694 4035 hinc
1723 3969 1880 4034 inde
1909 3969 2307 4049 astantibus,
2338 3969 2423 4034 ad
2454 3990 2650 4034 suum
2676 3978 2800 4039 tion,
2820 3979 2907 4030 the

548 4075 924 4163 hospitium,
969 4095 1120 4140 cum
1163 4094 1287 4138 sua
1328 4070 1603 4152 familia,
1650 4069 1839 4137 celeri
1847 4075 1949 4135 ter
1993 4069 2367 4137 declinavit.
2676 4045 2991 4161 affluam.

641 4176 848 4265 Cujus
890 4174 1165 4264 hospitii
1195 4174 1316 4241 vix
1343 4172 1550 4239 limen
1580 4172 1919 4260 attingere
1947 4172 2188 4260 potuit,
2218 4173 2379 4261 quin
2408 4171 2659 4260 spiritu
2679 4192 2794 4245 ne‘
2781 4208 2823 4243 ιε
2844 4202 2920 4244 at-

546 4278 574 4318 ²
591 4279 984 4366 dysenteriae
1027 4277 1120 4343 sit
1149 4297 1493 4364 percussus
1536 4276 1610 4341 in
1655 4274 2033 4352 visoeribus,
2076 4276 2498 4363 graviterque
2528 4275 2659 4341 hoc
2676 4258 2994 4394 ῗξὲξᾱωᾋὼ

548 4381 762 4447 morbi
789 4402 1029 4470 genere
1074 4383 1400 4466 aegrotare
1430 4377 1648 4463 coepit.
1740 4376 2040 4464 Cumque
2072 4376 2336 4443 indies
2315 4398 2655 4462 ingraves-

546 4487 723 4549 ceret
770 4482 1061 4563 morbus,
1091 4480 1256 4546 adeo
1309 4482 1392 4543 ut
1437 4478 1518 4543 de
1558 4477 1772 4544 salute
1820 4477 2250 4564 desperarent
2300 4476 2556 4553 medici,
2587 4480 2658 4542 et

616 4738 629 4777 ¹
655 4737 936 4790 ortodoxam
958 4737 1011 4789 in
1034 4737 1147 4787 MS.
1592 4731 1604 4799 Ι
1696 4734 1717 4764 ²
1739 4731 2031 4781 dissentirioe
2053 4730 2105 4781 in
2130 4730 2241 4784 MS.
