3467 5717
797 787 926 852 432
1579 799 1941 849 Arrsnmx
1989 785 2115 870 (D).

793 985 1333 1073 ΒεπεῙασίωηωη,
1367 1006 1563 1073 super
1594 1007 1910 1072 magnum
1939 986 2151 1053 altare
2178 986 2568 1053 Monasterii
2600 986 2903 1074 quotidie

794 1088 970 1155 inter
1014 1088 1363 1153 Missarum
1408 1087 1723 1154 solemnia
1766 1089 2074 1175 reposito,
2108 1087 2366 1175 plenius
2395 1089 2902 1156 conscribuntur

794 1195 865 1256 et
931 1194 1384 1269 annotantur3
1450 1195 1532 1255 ut
1575 1213 1693 1277 pro
1763 1213 1988 1256 eorum
2057 1179 2439 1277 expiatione
2483 1198 2898 1279 peecatorum

794 1293 1084 1359 Domino
1119 1291 1375 1379 jugiter
1418 1292 1584 1356 sacri
1628 1293 1859 1358 altaris
1902 1292 2181 1358 victima
2225 1293 2623 1372 immoletur,
2659 1297 2730 1359 et
2771 1293 2899 1381 piae

792 1394 1264 1461 recordationis
1330 1393 1577 1459 affeetu
1636 1416 1679 1459 a
1741 1393 2224 1461 celebrantibus
2297 1396 2484 1484 puris
2562 1395 2899 1462 mentibus

792 1494 817 1534 ¹
841 1496 1479 1564 commendentur.—

888 1599 1014 1663 Est
1043 1598 1289 1664 ibidem
1322 1596 1626 1683 inprimis
1653 1597 1972 1663 scrinium
2001 1598 2267 1685 gloriosi
2286 1599 2661 1686 Anglorum
2691 1598 2717 1638 ²
2734 1600 2898 1665 Pro-

792 1699 1181 1786 tomartyris
1225 1699 1495 1779 Albani,
1543 1720 1739 1784 super
1805 1700 2107 1765 tumbam
2171 1722 2623 1781 marmoream,
2684 1701 2899 1788 operis

791 1803 1058 1890 egregii,
1105 1800 1417 1866 nobiliter
1461 1805 1770 1868 ereetum.
1864 1801 2052 1867 Infra
2093 1807 2319 1867 autem
2365 1807 2467 1868 est
2511 1802 2695 1868 aliud
2738 1803 2898 1869 seri·

790 1904 998 1985 nium,
1060 1925 1176 1968 seu
1244 1901 1572 1980 feretrum,
1638 1903 1851 1968 multo
1919 1903 2284 1989 pretiosius,
2351 1904 2663 1990 reliquias
2721 1904 2898 1969 infra

790 2007 1149 2084 continens,
1198 2005 1327 2069 Die
1391 2003 1813 2069 Aseensionis
1877 2004 2243 2072 Dominieoe
2306 2011 2377 2072 et
2436 2006 2578 2092 ejus
2635 2006 2894 2071 duabus

789 2108 1030 2175 annuis
1074 2105 1621 2185 solemnitatibus,
1653 2128 1730 2171 ac
1762 2128 1880 2193 pro
1925 2107 2073 2173 aliis
2119 2107 2342 2173 arduis
2370 2107 2892 2189 necessitatibus,

787 2212 862 2277 in
905 2209 1424 2299 processionibus
1470 2209 1805 2296 deportari
1849 2206 2135 2278 ⁸solitas.
2228 2209 2360 2291 Qui
2405 2212 2580 2276 inter
2625 2216 2896 2278 caeteros

788 2319 1085 2380 mortuos
1127 2312 1295 2378 liber
1338 2311 1413 2376 in
1463 2310 1837 2377 coelestibus
1881 2312 2116 2377 eastris
2161 2334 2311 2378 eum
2354 2334 2474 2378 suo
2523 2313 2703 2400 Rege
2744 2336 2897 2402 gra-

786 2415 1045 2481 tulatur
1087 2414 1160 2478 in
1202 2412 1429 2500 gloria,
1458 2418 1779 2499 praestans
1813 2412 2069 2500 jugiter
2111 2436 2232 2479 sua
2276 2414 2595 2480 beneficia
2637 2416 2893 2482 cunetis

786 2517 927 2602 ejus
973 2537 1164 2603 opem
1212 2515 1451 2580 devote
1496 2515 1932 2600 poscentibus.

852 2617 964 2683 Ad
993 2616 1178 2701 cujus
1208 2616 1417 2681 altare
1447 2637 1565 2702 per
1593 2615 2111 2682 honorabiliores
2135 2615 2666 2685 obedientiarios
2693 2618 2892 2705 hujus

784 2719 1187 2798 monasterii,
1234 2717 1651 2783 ordinatione
1717 2718 1990 2785 Domini
2052 2717 2101 2785 J
2103 2718 2384 2785 ohannis
2441 2720 2642 2800 Moot‚
2688 2720 2893 2787 Missa

786 2821 868 2887 de
913 2820 1141 2887 eodem
1187 2818 1428 2885 cotidie
1473 2819 1882 2900 celebratur3
1944 2842 2093 2888 cum
2145 2821 2439 2908 antiquis
2479 2823 2890 2908 temporibus

783 2923 1032 2990 ibidem
1077 2922 1280 2988 Missa
1322 2921 1748 2988 Matutinalis
1793 2921 2206 2989 habebatur:
2232 2922 2262 2962 4
2304 2925 2378 2989 in
2419 2946 2547 3010 qua
2597 2923 2889 2990 habetur

784 3025 1092 3103 Colleeta,
1129 3027 1200 3090 et
1245 3022 1547 3111 specialis
1595 3023 1918 3089 Memoria
1961 3046 2080 3112 pro
2125 3024 2327 3111 hujus
2370 3026 2744 3092 monasterii
2770 3026 2888 3093 be-

782 3126 1225 3194 nefactoribus
1269 3129 1339 3190 et
1382 3125 1743 3212 peregrinis
1771 3149 1788 3206 3
1831 3125 2072 3212 quibus
2115 3126 2390 3213 insuper
2436 3127 2890 3193 conceduntur

781 3228 1103 3317 nongenti
1149 3227 1328 3306 anni,
1374 3228 1803 3315 septuaginta
1846 3227 2006 3310 dies,
2065 3227 2503 3315 indulgentiae
2563 3234 2887 3316 perpetuo

782 3331 1139 3397 duraturae.
1228 3327 1437 3415 Cujus
1485 3329 1684 3395 etiam
1739 3328 2071 3395 Passionis
2122 3334 2193 3395 et
2244 3329 2662 3398 Inventionis
2690 3332 2890 3398 series

781 3439 852 3500 et
897 3430 1214 3498 miracula
1264 3430 1339 3495 in
1384 3428 1572 3495 libris
1636 3430 1833 3518 hujus
1885 3431 2291 3512 monasterii,
2348 3432 2505 3499 inde
2558 3433 2889 3512 confectiS,

779 3534 1037 3622 plenius
1081 3536 1508 3599 annotantur.

865 3849 967 3918 De
1010 3846 1275 3918 duobus
1310 3850 1553 3938 ραν-υἱεῖ
1596 3850 2061 3920 Feretmla—tl
2074 3852 2242 3920 ltare
2285 3852 2794 3942 Reliquiarum.

867 4019 1040 4086 Sunt
1070 4018 1271 4085 etiam
1302 4017 1550 4085 ibidem
1581 4019 1714 4084 duo
1744 4040 1954 4106 parva
1981 4019 2240 4101 feretra,
2270 4020 2566 4107 reliquiis
2598 4022 2884 4110 Aposto-

776 4118 990 4186 lorum
1050 4124 1120 4185 et
1169 4119 1543 4207 Martyrum
1575 4120 1818 4186 referta
1845 4145 1860 4202 ;
1908 4142 2071 4207 quas
2103 4122 2372 4207 quidem
2405 4122 2689 4189 Sanctus
2720 4124 2884 4190 Ger·

774 4242 1029 4300 manus,
1091 4242 1210 4307 pro
1271 4220 1507 4287 haeresi
1569 4221 1930 4308 Pelagiana
1989 4222 2398 4290 confutanda
2457 4224 2881 4291 Britanniam

776 4320 1082 4398 directus,
1125 4342 1347 4387 secum
1393 4321 1678 4404 detulit3
1728 4327 1799 4388 et
1843 4320 1870 4361 ⁶
1887 4322 2195 4390 revoluto
2243 4325 2405 4390 dicti
2456 4326 2482 4363 ²
2507 4325 2883 4393 Protomar-

844 4549 859 4582 ¹
883 4549 1223 4601 comen-dentur
1243 4550 1300 4600 in
1320 4549 1435 4602 MS.
1878 4553 1910 4580 “
1939 4548 2144 4602 Donum·
2166 4551 2424 4603 Jokannis
2439 4552 2604 4616 Moot,
2625 4553 2887 4616 Abba-‘se

841 4626 865 4657 ²
887 4628 1293 4679 Prothous-artinis
1314 4628 1366 4679 in
1389 4629 1502 4680 MS.
1874 4644 2028 4680 occur
2071 4629 2210 4694 here,
2247 4633 2340 4683 but
2392 4647 2478 4683 are
2520 4647 2618 4683 run
2662 4634 2885 4700 through

847 4708 868 4737 ³
887 4706 968 4756 'l'o
992 4722 1142 4772 agree
1164 4707 1289 4757 with
1309 4710 1341 4735 ‘⁴
1366 4705 1650 4772 reliquia-⁹2·
1872 4708 1994 4759 with
2016 4708 2105 4760 the
2127 4726 2241 4775 pen.

838 4783 861 4816 ⁴
885 4783 998 4836 The
1030 4786 1194 4836 words
1229 4789 1265 4815 “
1286 4793 1441 4835 tamen
1477 4783 1781 4836 ordinatione
1935 4787 1956 4819 ⁶
1981 4787 2067 4840 sio
2091 4787 2144 4839 in
2170 4788 2285 4842 MS.
2315 4811 2329 4848 ς
2366 4806 2447 4857 qy.
2471 4789 2553 4841 for
2571 4788 2796 4842 revelato.
