3467 5717
1363 827 1611 881 SANOTI
1657 829 1932 885 ALBANI.
2585 816 2713 883 299

697 1028 731 1057 “
779 1021 985 1088 Istius
1029 1025 1100 1087 et
1144 1020 1363 1102 moris,
1410 1020 1537 1085 fari
1581 1019 1810 1109 pudet,
1855 1020 2023 1086 heu!
2070 1019 2355 1102 levioris,
2742 1058 3052 1117 A.1>.1430,l.

698 1133 729 1159 “
778 1124 972 1205 Quod
1016 1123 1187 1188 male
1232 1122 1431 1188 finale
1476 1144 1613 1189 non
1657 1128 1891 1189 curent,
1935 1122 2236 1210 frangere
2278 1124 2465 1205 velle,

700 1234 734 1264 “
781 1226 806 1265 ¹
832 1227 1107 1313 Hasque
1150 1227 1295 1313 pias
1339 1225 1533 1313 legeS,
1579 1226 1636 1291 si
1680 1247 1843 1314 quas
1888 1226 2183 1292 tribuere
2227 1226 2494 1313 primae,

697 1337 732 1365 “
780 1330 1158 1395 Dummodo
1205 1328 1531 1415 dapsifero
1577 1350 1712 1395 non
1759 1328 1982 1395 desint
2027 1351 2209 1394 sacra
2253 1327 2278 1366 ²
2295 1329 2515 1414 Lyae0,

703 1439 737 1466 “
784 1431 926 1497 Nec
972 1437 1193 1502 careat
1236 1431 1514 1497 Veneris
1559 1430 1728 1497 bene
1774 1431 2135 1519 pinguibus
2178 1453 2296 1495 ara
2339 1431 2576 1499 lituris.

703 1541 737 1568 “
785 1532 941 1601 Non
985 1534 1079 1599 sic
1121 1555 1259 1613 voe,
1304 1532 1562 1614 fratres,
1609 1555 1747 1598 non
1793 1534 1887 1598 sie
1929 1554 2067 1614 voe,
2118 1530 2494 1620 ³religiosi3

705 1643 738 1670 “
785 1635 1115 1722 Discipuli
1162 1635 1335 1700 tales
1377 1633 1667 1699 *Bacchi
1712 1639 1891 1716 sunt,
1937 1656 2073 1701 non
2120 1635 2483 1711 Benedicti,

702 1745 736 1774 “
781 1737 1116 1824 Saepeque,
1162 1757 1279 1824 pro
1327 1735 1622 1817 PsalmiS,
1670 1737 2084 1803 meditantur
2128 1736 2373 1803 fereula
2415 1739 2683 1805 ventris.

700 1847 735 1875 “
783 1841 965 1907 Hinc
1008 1840 1280 1907 fortuna
1324 1860 1517 1905 suum
1561 1840 1620 1904 si
1666 1843 1886 1906 muteb
1930 1840 2162 1907 nubila
2206 1840 2489 1918 vultum,

698 1951 731 1978 “
778 1945 870 2009 Et
913 1948 1064 2031 post
1109 1942 1453 2030 contingat
1496 1964 1600 2007 res
1646 1948 1769 2009 aut,
1810 1944 2053 2030 gravis,
2100 1947 2219 2008 aut
2263 1944 2648 2009 retrocedat.

701 2053 734 2080 “
781 2046 922 2113 Neo
964 2045 1148 2115 valet·
1192 2045 1544 2131 antiquum
1592 2045 1849 2132 pondus
1894 2049 2154 2131 portare
2199 2066 2317 2131 per
2361 2066 2627 2125 annum,

703 2156 734 2183 “
784 2149 934 2217 Hoc
978 2169 1131 2214 casu
1173 2148 1387 2230 facite,
1435 2148 1625 2234 quasi
1668 2169 1773 2214 res
1817 2147 1937 2213 has
1981 2169 2114 2213 non
2160 2147 2476 2231 habeatis,

704 2259 740 2287 “
791 2253 884 2317 Et
931 2251 1121 2317 vobis
1165 2249 1363 2327 licite,
1409 2250 1596 2315 velut
1641 2249 1818 2327 olim,
1863 2249 2284 2336 provideatis,

702 2362 736 2389 “
785 2353 1058 2440 Absque
1101 2358 1260 2418 nota
1303 2352 1611 2438 scrupuli,
1658 2374 1808 2438 quae
1855 2351 2005 2417 vult
2049 2351 2293 2417 ⁵nimis
2337 2352 2656 2433 insidiari,

701 2463 735 2495 “
786 2455 953 2523 Haeo
983 2455 1177 2520 modo
1209 2475 1356 2540 quae
1384 2453 1631 2540 scripsi,
1662 2476 2006 2541 nunquam
2037 2452 2394 2541 “poterunt
2422 2455 2489 2521 vi
2500 2454 2716 2520 olari.”

609 2572 768 2638 Post
812 2571 973 2651 haec,
1020 2576 1170 2657 post
1214 2569 1345 2634 alia
1388 2573 1619 2647 metra,
1663 2574 1817 2655 post,
1859 2590 2213 2656 prosasque
2255 2569 2493 2651 locuta,

610 2674 891 2760 Singula
937 2673 1117 2739 dicta
1159 2693 1280 2738 sua
1323 2671 1535 2738 forma
1578 2671 1900 2739 conclusit·
1943 2671 2015 2736 in
2060 2672 2298 2738 ista.—

703 2796 737 2824 “
787 2788 982 2869 Quod
1026 2787 1218 2876 potui
1264 2785 1407 2867 feci,
1454 2786 1665 2874 legem
1708 2785 1902 2852 vobis
1947 2785 2141 2852 modo
2189 2785 2352 2865 dixi,

700 2899 737 2928 “
781 2890 962 2956 Illud
1006 2894 1075 2956 et
1119 2889 1330 2975 adjeci
1373 2889 1577 2956 latuit
1624 2888 1818 2975 quod,
1863 2888 2087 2975 nilque
2131 2889 2367 2954 retexi.

703 3002 736 3033 “
783 2993 960 3080 Ergo
1005 2993 1298 3072 servetis,
1347 2992 1506 3078 quia
1551 2991 1730 3057 docti
1775 3012 1923 3056 oum
1967 2991 2137 3056 bene
2182 2990 2382 3068 soitiS,

706 3102 740 3131 “
786 3095 959 3160 Tolli
996 3095 1052 3161 si
1098 3094 1336 3172 sinitis,
1381 3098 1719 3181 peceatum
1767 3093 1981 3178 majus
2026 3091 2301 3172 habetis,

704 3205 740 3233 “
786 3196 1139 3285 Dignaque
1167 3197 1257 3264 sib
1286 3197 1488 3263 venia
1530 3196 1753 3263 minus
1798 3195 1942 3262 haec
1985 3194 2414 3281 transgressio
2444 3192 2716 3260 vestra.'’

676 3455 692 3487 ¹
716 3455 840 3506 This
861 3456 966 3506 line
988 3456 1031 3506 is
1051 3457 1259 3507 omitted
1291 3458 1344 3506 in
1377 3456 1463 3507 the
1485 3464 1611 3518 text,
1659 3457 1669 3547 Ι
1780 3455 1802 3487 ³
1822 3454 2051 3519 relliqiosi
2065 3455 2117 3504 in
2139 3455 2251 3505 MS.

610 3538 701 3585 but
769 3535 987 3587 inserted
1042 3536 1095 3584 in
1155 3537 1238 3587 the
1293 3537 1505 3601 margin,
1559 3535 1611 3586 in
1781 3534 1800 3566 ⁴
1825 3533 1995 3583 Bae-111·
2014 3533 2065 3583 in
2089 3533 2201 3584 MS.

610 3613 823 3665 another
842 3614 993 3665 hand.
1783 3614 1803 3645 ὃ
1827 3612 1950 3663 This
1972 3614 2112 3665 word
2127 3612 2169 3662 is
2190 3612 2436 3665 doubtful.

681 3695 701 3724 ²
724 3691 845 3745 Lieo
866 3692 917 3743 in
941 3693 1054 3745 MS.
1784 3692 1804 3724 ὖ
1821 3692 2039 3759 poterint
2059 3689 2110 3743 iu
2133 3691 2245 3743 MS.
