3467 5717
1283 833 1640 884 nrmrx
1686 818 1801 902 (B).
2478 767 2604 880 415

495 1018 821 1101 videlicet,
884 1016 1118 1085 Sancti
1161 1016 1434 1098 Albani,
1482 1017 1598 1104 qui
1665 1017 1936 1104 utrique
2000 1015 2248 1084 ibidem
2317 1020 2386 1082 et
2445 1016 2609 1082 alias

497 1121 871 1208 ubicunque
902 1122 984 1185 de
1013 1141 1141 1185 usu
1185 1123 1255 1186 et
1284 1118 1650 1207 privilegiis
1677 1120 2068 1205 praesideret
2093 1144 2109 1200 ;
2159 1117 2177 1156 ¹
2202 1118 2318 1185 sed
2345 1139 2463 1206 per
2492 1119 2609 1184 ab·

496 1225 783 1290 sentiam
826 1223 1250 1290 decennalem
1317 1221 1603 1308 amplius
1671 1221 1948 1288 Domini
1992 1222 2277 1303 Thomae,
2322 1221 2608 1287 Abbatis

497 1325 739 1406 ultimi,
762 1331 1032 1412 propter
1053 1324 1341 1412 corporis
1360 1323 1894 1405 invalitudinem,
1922 1324 2403 1411 impotentiam,
2430 1328 2497 1387 et
2516 1344 2612 1388 se—

498 1428 707 1509 nium,
731 1451 772 1493 a
800 1427 1283 1509 Parliamentis,
1317 1426 1480 1492 alios
1511 1448 1631 1513 pro
1663 1448 1888 1491 eorum
1920 1425 1946 1464 2
1962 1426 2159 1492 libito
2188 1425 2569 1514 praesedisse
2596 1449 2613 1506 ;

500 1529 836 1595 Abbatem
880 1551 1140 1617 quoque
1185 1528 1412 1595 Sancti
1457 1527 1706 1593 Albani
1768 1528 1842 1594 in
1887 1529 2132 1594 Rotulo
2180 1528 2613 1594 Parliamenti

500 1632 714 1719 primo
758 1633 1036 1697 aliorum
1069 1631 1366 1697 omnium
1414 1626 1792 1711 ⁸inseritur‚
1828 1635 1897 1695 et
1941 1628 2277 1698 ⁸vocatur.
2370 1630 2462 1695 Et
2488 1631 2612 1695 hoc

497 1754 650 1800 suos
694 1756 897 1821 pares,
945 1738 1015 1799 et
1077 1733 1239 1798 alios
1309 1731 1425 1818 qui
1493 1735 1656 1797 tunc
1700 1738 2104 1820 supererant,
2151 1736 2222 1799 et
2281 1732 2607 1814 viderant,

499 1840 878 1902 testaturOS.

594 1938 850 2018 Quibus
897 1937 1110 2015 dictis,
1174 1935 1508 2002 Dominus
1571 1935 1804 2001 Abbas
1872 1935 2102 2001 Sancti
2161 1936 2427 2019 Albani,
2491 1959 2609 2025 per

499 2038 771 2107 fratrem
802 2040 1213 2105 Willelmum
1250 2038 1782 2125 Wyntrushylle,
1815 2037 2247 2125 Capellanum
2291 2038 2449 2124 ejus,
2497 2040 2611 2125 qui

500 2143 750 2223 aderat,
796 2143 1042 2224 relatis,
1091 2139 1365 2208 consilio
1408 2141 1660 2228 pariter
1705 2146 1775 2205 et
1819 2131 2146 2206 instinctu
2192 2141 2611 2207 dominorum

500 2249 571 2311 et
615 2246 893 2311 aliorum
958 2246 1039 2311 de
1102 2265 1221 2310 suo
1266 2243 1556 2321 consilio,
1603 2243 1948 2309 nitebatur
1992 2244 2356 2311 honestiori
2415 2245 2611 2310 modo

501 2369 634 2434 quo
679 2352 942 2434 poterat
989 2347 1103 2432 jus
1154 2368 1349 2412 suum
1396 2345 1821 2427 defenderet3
1868 2350 1937 2411 et
1981 2345 2271 2411 Domino
2316 2347 2485 2433 Regi
2546 2351 2615 2412 et

510 2449 660 2514 aliis
711 2449 1015 2531 dominis,
1069 2449 1184 2535 qui
1235 2448 1451 2514 adhuc
1497 2453 1907 2535 supererant,
1956 2450 2074 2535 qui
2121 2449 2245 2515 hoc
2289 2450 2610 2529 viderant,

503 2572 622 2638 per
650 2572 718 2616 se
748 2559 818 2617 et
847 2552 1011 2616 alios
1041 2552 1371 2616 declarare
1401 2574 1419 2632 3
1464 2572 1583 2637 pro
1616 2573 1693 2617 eo
1723 2551 1902 2637 quod
1945 2573 2169 2617 omnes
2198 2574 2366 2638 pene
2398 2556 2615 2617 status

500 2653 686 2739 regni
717 2653 831 2740 qui
859 2654 1003 2719 haec
1031 2652 1359 2731 viderant,
1389 2653 1658 2719 fuerant
1686 2654 1955 2718 interim
1989 2654 2071 2719 de
2100 2655 2317 2720 medio
2349 2655 2615 2733 sublati,

501 2760 746 2841 praeter
774 2757 1135 2822 Dominum
1183 2756 1230 2822 J
1233 2756 1578 2833 ohannem,
1630 2755 1884 2822 Ducem
1917 2757 2336 2838 Lancastriae,
2369 2762 2439 2823 et
2480 2758 2617 2823 Do-

501 2857 757 2922 minum
803 2857 1250 2939 Edmundum,
1284 2858 1535 2924 Ducem
1582 2856 1884 2941 ⁸Ebraci,
1917 2863 2009 2937 et,
2037 2858 2404 2925 Dominum
2452 2864 2615 2925 tunc

503 2959 867 3025 Henricum
884 2961 1113 3047 Percy,
1137 2960 1493 3025 Ricardum
1516 2960 1875 3024 Dominum
1912 2961 1993 3025 de
2014 2960 2366 3042 Cobeham,
2391 2962 2619 3027 Ricar-

503 3062 663 3127 dum
693 3062 951 3150 Sempe,
977 3062 1341 3127 Dominum
1374 3061 1753 3126 Guidonem
1785 3062 1869 3126 de
1901 3061 2144 3148 Bryen,
2176 3085 2253 3128 ac
2285 3063 2615 3130 Reveren-

502 3164 664 3229 dum
718 3163 985 3228 Patrem
1038 3161 1067 3200 4
1086 3162 1455 3227 Dominum
1518 3163 1928 3229 willelmum
1989 3163 2348 3250 Wykham,
2408 3166 2610 3254 Wyn-

501 3267 870 3333 toniensem
923 3265 1341 3351 Episcopum,
1376 3271 1444 3331 et
1495 3287 1739 3353 paucos
1788 3267 1968 3345 alios,
2021 3267 2139 3353 qui
2193 3272 2614 3334 asseruerunt

500 3391 571 3436 se
601 3390 718 3435 suo
747 3373 1042 3455 tempore
1089 3368 1229 3434 haec
1259 3368 1524 3433 audisse
1578 3366 1604 3406 ³
1624 3369 1804 3433 inter
1852 3374 1922 3434 et
1951 3369 2211 3436 vidisse.
2304 3367 2333 3405 ⁵
2358 3369 2491 3437 Sed
2532 3394 2614 3437 ne

500 3469 528 3510 ⁶
547 3472 963 3557 majestatem
991 3472 1264 3558 regiam,
1302 3471 1516 3536 eidem
1547 3471 1804 3537 Abbati
1834 3470 2411 3540 westmonasterii
2453 3474 2618 3539 ami-

500 3575 850 3655 cissimam,
883 3574 1261 3652 offenderet,
1294 3573 1568 3640 accessit
1595 3575 1681 3639 ad
1714 3597 1866 3640 eum
1913 3581 2066 3662 post
2094 3576 2613 3642 Parliamentum

499 3675 574 3741 in
623 3676 930 3754 crastino,
970 3675 1043 3739 in
1093 3698 1215 3741 sua
1263 3677 1414 3742 sede
1462 3677 1647 3763 regia
1699 3674 1725 3718 ⁷
1748 3676 2102 3757 sedentem,
2136 3684 2205 3744 et
2256 3682 2615 3746 transitum

500 3779 728 3866 populi
779 3779 1235 3864 expectando:
1299 3778 1491 3845 flexis
1535 3779 1815 3866 genibus
1867 3781 2283 3868 supplicavit,
2333 3806 2617 3849 exorans

498 3886 597 3963 ut,
642 3886 966 3968 tanquam
1014 3881 1374 3946 advocatus
1420 3886 1488 3947 et
1531 3881 1854 3949 fundator
1896 3884 2000 3948 sui
2031 3886 2432 3965 monasterii,
2474 3885 2616 3969 ejus

491 3983 649 4069 jura
679 3989 748 4049 et
793 3982 1144 4071 privilegia
1196 4005 1582 4050 conservare
1631 3985 2037 4077 dignaretur,
2094 3990 2162 4050 et
2213 3986 2432 4072 ipsum
2482 3987 2618 4052 suis

499 4086 886 4172 privilegiis,
937 4087 1013 4151 in
1058 4086 1374 4152 honorem
1439 4086 1603 4152 dicti
1659 4086 1893 4152 Sancti
1916 4118 1927 4123 ·
1947 4092 2015 4151 et
2062 4087 2208 4170 loci,
2260 4088 2455 4153 sicuti
2515 4088 2619 4153 sui

500 4186 1011 4274 praedecessores
1041 4193 1331 4276 egerant,
1364 4189 1655 4276 gaudere
1685 4190 2107 4274 permitteret
2156 4189 2238 4255 de
2288 4212 2408 4256 sua
2436 4191 2618 4279 regia

497 4291 953 4379 benignitate3
1002 4291 1365 4357 informans
1419 4291 1669 4378 Regem
1721 4293 1803 4358 de
1851 4293 2156 4359 omnibus
2210 4296 2617 4381 praenotatis·

709 4437 1024 4444 Μκ--μ

1455 4436 1512 4444 ο...

573 4501 593 4534 ¹
620 4509 694 4552 set
715 4502 770 4552 in
790 4502 906 4553 MS.
1678 4502 1699 4535 ⁵
1725 4500 1815 4553 Set
1835 4503 1891 4552 in
1913 4502 2028 4553 MS.

572 4580 597 4614 ²
625 4580 764 4631 libitu
786 4582 840 4632 in
862 4581 984 4634 MS.
1680 4582 1700 4614 ⁶
1722 4588 2033 4647 maqestatem
2056 4581 2110 4632 in
2130 4582 2244 4635 MS.

567 4659 590 4694 ⁸
614 4660 699 4712 Sic
721 4661 774 4711 in
796 4660 913 4713 MS.
1679 4658 1702 4698 ⁷
1723 4659 1914 4712 sedente
1936 4659 1993 4711 in
2015 4661 2130 4713 MS.

560 4738 582 4772 ⁴
605 4740 812 4791 Domini
844 4737 1075 4792 willelmi
1094 4738 1149 4791 in
1175 4738 1290 4791 MS.
