3467 5717
855 802 984 872 378
1506 816 1828 867 ANNALES
1873 814 2300 867 MoNAsrmzn

517 1009 655 1063 A.D.
685 1016 827 1062 1434.
856 1012 892 1042 “

935 1007 1007 1072 in
1052 1006 1356 1093 partibus
1398 1005 1855 1072 innovandum
1901 1026 2016 1071 seu
2059 1005 2547 1073 attentandum.
2637 1005 2662 1045 ¹
2683 1005 2955 1089 Idcirco,

855 1114 892 1144 “
935 1108 1331 1175 auctoritate
1397 1108 1781 1194 Apostolica
1831 1108 2146 1195 praedicta
2202 1106 2398 1174 nobis
2455 1107 2530 1173 in
2588 1109 2713 1175 hac
2766 1115 2960 1196 parte

854 1216 889 1246 “
934 1212 1293 1291 commissa,
1327 1212 1517 1277 vobis
1561 1211 1864 1277 omnibus
1909 1215 1979 1277 et
2033 1210 2311 1298 singulis
2352 1210 2763 1297 supradictis,
2809 1213 2959 1297 qui-

853 1318 893 1348 “
937 1313 1063 1379 bus
1108 1319 1464 1400 praesentes
1516 1318 1760 1380 nostrae
1804 1312 2050 1379 litterae
2095 1311 2491 1399 diriguntur,-
2521 1314 2959 1380 communiter

853 1421 890 1451 “
936 1421 1007 1482 et
1036 1417 1320 1494 divisim,
1355 1420 1583 1482 tenore
1611 1415 2038 1502 praesentium
2082 1414 2559 1481 committimus
2588 1419 2659 1480 et
2686 1416 2958 1481 manda-

852 1522 890 1552 “
936 1539 1098 1600 mus,
1131 1524 1456 1605 quatenus
1500 1522 1652 1605 post
1679 1517 2049 1603 legitimam
2092 1515 2293 1582 dictae
2345 1515 2681 1583 citationis
2726 1538 2958 1583 execu-

855 1627 893 1656 “
937 1620 1204 1701 tionem,
1270 1620 1677 1688 Reverendis
1741 1619 2050 1687 Patribus
2122 1623 2196 1684 et
2269 1617 2588 1698 Dominis,
2652 1618 2958 1685 Dominis

853 1728 889 1756 “
938 1722 1408 1790 Cantuariensi-
1449 1722 1962 1810 Archiepiscopo
2007 1726 2077 1787 et
2120 1721 2567 1788 Lincolniensi
2614 1722 2955 1809 Episcop0‚

848 1829 888 1860 ‘⁸
930 1847 1303 1912 eorumque,
1333 1832 1403 1892 et
1434 1826 1790 1913 cujuslibet
1833 1827 2143 1913 ipsorum,
2174 1824 2248 1888 in
2277 1824 2734 1911 spiritualibus
2762 1824 2956 1890 Vica-

851 1933 886 1961 “
928 1927 1048 1992 riis
1110 1933 1181 1994 et
1227 1926 1632 1995 officialibus
1685 1928 2131 2008 Generalibus,
2187 1949 2438 1993 necnon
2502 1927 2831 1992 universis
2889 1931 2960 1992 et

846 2033 886 2065 “
930 2030 1205 2117 singulis
1234 2031 1552 2110 Dominis,
1602 2029 2025 2111 officialibus,
2055 2030 2101 2097 J
2103 2029 2425 2110 udicibus,
2458 2028 2957 2109 Commissariis,

848 2138 885 2168 “
931 2132 1429 2215 Executoribus,
1452 2132 2069 2213 Subexecutoribus,
2094 2132 2450 2220 Delegatisx,
2476 2131 2955 2219 SubdelegatiS,

850 2241 888 2271 “
935 2237 1306 2305 ordinariis
1351 2242 1420 2303 et
1464 2236 2035 2302 Extraordinariis
2098 2235 2615 2322 quibuscunque,
2663 2255 2959 2321 quacun·

852 2348 885 2377 ‘⁶
929 2362 1058 2426 que
1104 2341 1499 2407 auctoritate
1527 2339 1960 2427 fungentibus
1989 2360 2107 2426 per
2135 2339 2445 2405 civitates
2473 2343 2543 2404 et
2572 2337 2599 2375 ²
2620 2338 2950 2404 Dioeceses

847 2448 889 2480 “
934 2443 1460 2509 Lincolniensem
1505 2447 1576 2508 et
1621 2441 2168 2510 cantuariensem
2214 2440 2645 2528 supradictas,
2679 2446 2747 2507 et
2791 2441 2955 2507 alias

849 2550 887 2580 “
930 2544 1218 2611 ubilibet
1274 2545 1673 2623 constitutis,
1736 2548 1808 2611 et
1868 2543 2253 2630 praesertim,
2311 2542 2605 2631 praefatis
2658 2542 2705 2608 J
2709 2542 2953 2609 ohanni

849 2651 884 2681 “
932 2645 1353 2732 Lyndefelde,
1407 2646 1688 2713 Ricardo
1759 2645 2106 2712 Whitman
2151 2649 2219 2712 et
2292 2645 2435 2731 ejus
2497 2645 2797 2726 consorti,
2867 2667 2957 2710 ex

925 2747 1218 2828 adverso,
1286 2747 1779 2835 principalibus,
1845 2747 2278 2835 omnibusque
2337 2747 2486 2812 aliis
2529 2752 2598 2813 et
2653 2747 2953 2834 singuliS,

932 2872 1213 2937 quorum
1275 2850 1569 2932 interest,
1615 2850 1726 2918 vel
1768 2851 2077 2917 intererit
2121 2849 2609 2936 quomodolibet
2649 2850 2723 2914 in
2767 2850 2955 2914 futu-

928 2975 1095 3032 rum,
1140 2954 1222 3020 de
1273 2953 1534 3041 quibus,
1580 2973 1701 3041 pro
1752 2956 1941 3039 parte
1971 2953 2300 3019 dictorum
2345 2951 2775 3017 Dominorum
2803 2949 2948 3015 Ab-

926 3055 1105 3122 batis
1171 3060 1241 3123 et
1292 3056 1690 3137 ConventuS,
1737 3077 1815 3120 ac
1859 3054 2150 3136 Henrici,
2197 3054 2677 3141 principalium,
2721 3053 2956 3139 vigore

931 3157 1373 3245 praesentium,
1419 3156 1679 3223 fueritis
1707 3156 2027 3242 requisiti,
2056 3177 2172 3222 seu
2217 3156 2385 3222 alter
2429 3162 2725 3222 vestrum
2753 3156 2957 3222 fuerit

927 3260 1303 3346 requisitus,
1352 3281 1437 3326 ex
1480 3264 1668 3347 parte
1710 3264 1958 3339 nostra,
1991 3256 2019 3295 ⁸
2041 3259 2244 3324 immo
2287 3258 2527 3337 verius,
2555 3259 2955 3346 Apostolica,

930 3363 1342 3449 cunjunctim
1388 3367 1460 3428 et
1505 3361 1773 3427 divisim
1816 3361 2234 3443 inhibeatur;
2281 3363 2525 3448 quibus
2565 3384 2689 3428 nos
2735 3361 2953 3439 etiam,

845 3476 880 3503 “
926 3472 996 3533 et
1060 3489 1284 3533 eorum
1330 3466 1616 3545 cuilibet,
1661 3471 1888 3532 tenore
1934 3465 2377 3552 praesentium,
2422 3465 2515 3533 sic
2558 3465 2952 3542 inhibemus,

847 3576 885 3605 “
927 3592 1012 3635 ne
1061 3569 1205 3655 ipsi,
1272 3591 1387 3636 seu
1433 3591 1659 3635 eorum
1701 3568 1890 3649 alter,
1948 3568 2023 3634 in
2083 3568 2109 3606 ⁴
2128 3568 2594 3655 vilipendendo
2654 3568 2954 3654 litispen-

845 3678 879 3705 “
927 3670 1128 3750 dium,
1152 3676 1222 3736 et
1240 3670 1725 3757 jurisdictionis
1748 3677 2007 3753 nostrae,
2031 3668 2271 3737 3immo
2292 3672 2531 3751 verius,
2554 3670 2954 3757 Apostolicae

847 3779 882 3806 “
928 3771 1136 3852 Sedis,
1160 3777 1628 3860 contemptum,
1653 3777 1724 3838 et
1753 3773 2180 3859 praefatorum
2211 3773 2647 3838 Dominorum
2667 3772 2954 3838 Abbatis

846 3884 884 3910 “
929 3879 1001 3942 et
1046 3874 1450 3954 Conventus,
1493 3896 1571 3940 ac
1624 3874 1919 3955 Henrici,
1967 3874 2446 3962 principalium,
2494 3873 2953 3961 praejudicium

853 3986 886 4016 “
929 3983 1001 4045 et
1026 3999 1403 4066 gravamen,
1434 3977 1506 4042 in
1537 4000 1733 4044 causa
1761 3983 1832 4044 et
1861 3977 2074 4043 causis
2101 3976 2494 4065 hujusmodi,
2515 3998 2735 4044 coram
2764 3978 2956 4045 nobis

850 4088 886 4117 ‘⁴
930 4081 1236 4149 indecisis
1276 4081 1730 4167 pendentibus,
1764 4080 2117 4167 quicquam
2158 4100 2276 4166 per
2319 4101 2406 4160 se,
2436 4079 2543 4145 vel
2588 4102 2707 4167 per
2748 4080 2955 4144 alium

851 4192 890 4220 “
935 4207 1051 4250 seu
1080 4185 1259 4264 alios,
1293 4183 1552 4271 publice
1580 4182 1691 4248 vel
1736 4183 1998 4262 occulte,
2031 4183 2266 4248 ducere
2295 4182 2405 4247 vel
2432 4181 2760 4263 inducere,
2792 4203 2952 4268 quo-

849 4293 885 4322 “
927 4287 1031 4351 vis
1061 4287 1341 4372 quaesito
1385 4286 1598 4352 colore
1646 4289 1993 4364 attentare,
2023 4305 2143 4349 seu
2186 4285 2518 4362 innovare,
2550 4287 2957 4371 praesumant

849 4395 885 4424 “
928 4410 1042 4454 seu
1088 4392 1460 4474 praesumat.
1555 4387 1751 4468 Quod
1794 4387 1852 4451 si
1894 4407 2076 4453 secus
2104 4386 2353 4452 factum
2380 4387 2601 4466 fuerit,
2632 4386 2704 4452 id
2733 4391 2953 4452 totum

917 4664 932 4696 ¹
956 4663 1146 4714 Iccireo
1166 4663 1218 4713 in
1242 4663 1356 4715 MS.
1889 4656 1901 4793 Ι
2007 4659 2030 4691 ³
2048 4675 2157 4724 ymo
2177 4658 2229 4709 in
2252 4659 2366 4711 MS.

914 4742 936 4773 ‘²
959 4741 1195 4792 Dioccsee
1215 4740 1270 4791 in
1291 4742 1401 4793 MS.
2007 4739 2027 4768 ⁴¹
2053 4734 2240 4803 υίὶἰρἒά
2259 4736 2312 4787 in
2332 4738 2446 4789 MS.
