<?xml version="1.0" encoding="UTF-8"?>
<!DOCTYPE html PUBLIC "-//W3C//DTD XHTML 1.0 Transitional//EN"
    "http://www.w3.org/TR/xhtml1/DTD/xhtml1-transitional.dtd">
<html xmlns="http://www.w3.org/1999/xhtml" xml:lang="en" lang="en">
 <head>
  <title>
</title>
<meta http-equiv="Content-Type" content="text/html;charset=utf-8" />
  <meta name='ocr-system' content='tesseract 3.04.00' />
  <meta name='ocr-capabilities' content='ocr_page ocr_carea ocr_par ocr_line ocrx_word'/>
</head>
<body>
  <div class='ocr_page' id='page_1' title='image "./annalesmonaster00unkngoog_0227.png"; bbox 0 0 3467 5717; ppageno 0'>
   <div class='ocr_carea' id='block_1_1' title="bbox 1361 829 2697 893">
    <p class='ocr_par' dir='ltr' id='par_1_1' title="bbox 1361 829 2697 893">
     <span class='ocr_line' id='line_1_1' title="bbox 1361 829 2697 893; baseline 0 -2"><span class='ocrx_word' id='word_1_1' title='bbox 1361 838 1604 891; x_wconf 72' lang='lat' dir='ltr'><strong>SANcn</strong></span> <span class='ocrx_word' id='word_1_2' title='bbox 1650 837 1930 891; x_wconf 71' lang='lat' dir='ltr'>ALBANI.</span> <span class='ocrx_word' id='word_1_3' title='bbox 2579 830 2609 890; x_wconf 85' lang='lat' dir='ltr'><strong>l</strong></span> <span class='ocrx_word' id='word_1_4' title='bbox 2624 829 2697 893; x_wconf 82' lang='grc'><strong>6]</strong></span> 
     </span>
    </p>
   </div>
   <div class='ocr_carea' id='block_1_2' title="bbox 604 1020 3042 1293">
    <p class='ocr_par' dir='ltr' id='par_1_2' title="bbox 604 1020 3042 1293">
     <span class='ocr_line' id='line_1_2' title="bbox 607 1020 3042 1111; baseline 0 -24"><span class='ocrx_word' id='word_1_5' title='bbox 607 1027 643 1056; x_wconf 87' lang='grc'><strong>“</strong></span> <span class='ocrx_word' id='word_1_6' title='bbox 686 1020 1118 1088; x_wconf 82' lang='lat' dir='ltr'><strong>incursurum.</strong></span> <span class='ocrx_word' id='word_1_7' title='bbox 1209 1021 1459 1089; x_wconf 88' lang='lat' dir='ltr'><strong>Datum</strong></span> <span class='ocrx_word' id='word_1_8' title='bbox 1523 1022 1776 1104; x_wconf 81' lang='lat' dir='ltr'><strong>Bomae,</strong></span> <span class='ocrx_word' id='word_1_9' title='bbox 1824 1024 2001 1111; x_wconf 86' lang='lat' dir='ltr'><strong>apud</strong></span> <span class='ocrx_word' id='word_1_10' title='bbox 2061 1024 2369 1091; x_wconf 74' lang='lat' dir='ltr'><strong>Sanctam</strong></span> <span class='ocrx_word' id='word_1_11' title='bbox 2426 1024 2709 1091; x_wconf 85' lang='lat' dir='ltr'><strong>Mariam</strong></span> <span class='ocrx_word' id='word_1_12' title='bbox 2735 1035 3042 1091; x_wconf 76' lang='lat' dir='ltr'><strong>A.D.1423.</strong></span> 
     </span>
     <span class='ocr_line' id='line_1_3' title="bbox 606 1122 2711 1210; baseline 0.003 -23"><span class='ocrx_word' id='word_1_13' title='bbox 606 1130 641 1157; x_wconf 92' lang='lat'><strong>“</strong></span> <span class='ocrx_word' id='word_1_14' title='bbox 688 1122 1026 1210; x_wconf 87' lang='lat' dir='ltr'><strong>Majorem,</strong></span> <span class='ocrx_word' id='word_1_15' title='bbox 1073 1123 1561 1191; x_wconf 85' lang='lat' dir='ltr'><strong>tertio-decimo</strong></span> <span class='ocrx_word' id='word_1_16' title='bbox 1622 1124 1965 1191; x_wconf 77' lang='lat' dir='ltr'>Kalendas</span> <span class='ocrx_word' id='word_1_17' title='bbox 2024 1126 2439 1207; x_wconf 70' lang='lat' dir='ltr'><strong>NovembriS,</strong></span> <span class='ocrx_word' id='word_1_18' title='bbox 2485 1127 2711 1194; x_wconf 86' lang='lat' dir='ltr'><strong>Ponti-</strong></span> 
     </span>
     <span class='ocr_line' id='line_1_4' title="bbox 604 1224 1695 1293; baseline 0.003 -3"><span class='ocrx_word' id='word_1_19' title='bbox 604 1230 639 1258; x_wconf 88' lang='lat'><strong><em>“</em></strong></span> <span class='ocrx_word' id='word_1_20' title='bbox 685 1224 920 1291; x_wconf 82' lang='lat' dir='ltr'><strong>ficatus</strong></span> <span class='ocrx_word' id='word_1_21' title='bbox 964 1225 1180 1292; x_wconf 90' lang='lat' dir='ltr'><strong>nostri</strong></span> <span class='ocrx_word' id='word_1_22' title='bbox 1225 1246 1402 1291; x_wconf 86' lang='lat' dir='ltr'><strong>anno</strong></span> <span class='ocrx_word' id='word_1_23' title='bbox 1447 1225 1695 1293; x_wconf 51' lang='lat' dir='ltr'><strong>sexto?</strong></span> 
     </span>
    </p>
   </div>
   <div class='ocr_carea' id='block_1_3' title="bbox 695 1420 2856 1770">
    <p class='ocr_par' dir='ltr' id='par_1_3' title="bbox 695 1420 2856 1770">
     <span class='ocr_line' id='line_1_5' title="bbox 721 1420 2609 1539; baseline 0.002 -25"><span class='ocrx_word' id='word_1_24' title='bbox 721 1447 935 1515; x_wconf 73' lang='lat' dir='ltr'><strong>Runa</strong></span> <span class='ocrx_word' id='word_1_25' title='bbox 978 1448 1471 1517; x_wconf 50' lang='lat' dir='ltr'><strong>mutationis</strong></span> <span class='ocrx_word' id='word_1_26' title='bbox 1514 1420 1609 1516; x_wconf 60' lang='lat' dir='ltr'><strong>aiz</strong></span> <span class='ocrx_word' id='word_1_27' title='bbox 1653 1447 2133 1517; x_wconf 62' lang='lat' dir='ltr'><strong>colamnam</strong></span> <span class='ocrx_word' id='word_1_28' title='bbox 2177 1450 2265 1518; x_wconf 61' lang='lat' dir='ltr'><strong>in</strong></span> <span class='ocrx_word' id='word_1_29' title='bbox 2311 1450 2609 1539; x_wconf 67' lang='lat' dir='ltr'><strong>Capellis</strong></span> 
     </span>
     <span class='ocr_line' id='line_1_6' title="bbox 1165 1549 2146 1639; baseline 0.003 -23"><span class='ocrx_word' id='word_1_30' title='bbox 1165 1550 1250 1616; x_wconf 84' lang='lat' dir='ltr'><em>M</em></span> <span class='ocrx_word' id='word_1_31' title='bbox 1244 1549 1579 1617; x_wconf 74' lang='lat' dir='ltr'><strong>onasterio</strong></span> <span class='ocrx_word' id='word_1_32' title='bbox 1616 1550 1892 1639; x_wconf 77' lang='lat' dir='ltr'><strong><em>pertine</em></strong></span> <span class='ocrx_word' id='word_1_33' title='bbox 1900 1551 2146 1619; x_wconf 67' lang='lat' dir='ltr'><strong>atibus.</strong></span> 
     </span>
     <span class='ocr_line' id='line_1_7' title="bbox 695 1683 2856 1770; baseline 0.002 -21"><span class='ocrx_word' id='word_1_34' title='bbox 695 1687 733 1720; x_wconf 88' lang='lat'>“</span> <span class='ocrx_word' id='word_1_35' title='bbox 778 1683 1109 1750; x_wconf 84' lang='lat' dir='ltr'><strong>Martinus</strong></span> <span class='ocrx_word' id='word_1_36' title='bbox 1151 1684 1528 1770; x_wconf 84' lang='lat' dir='ltr'><strong>Episcopus,</strong></span> <span class='ocrx_word' id='word_1_37' title='bbox 1569 1706 1802 1750; x_wconf 81' lang='lat' dir='ltr'><strong>servus</strong></span> <span class='ocrx_word' id='word_1_38' title='bbox 1854 1706 2191 1752; x_wconf 84' lang='lat' dir='ltr'><strong>servorum</strong></span> <span class='ocrx_word' id='word_1_39' title='bbox 2246 1684 2391 1767; x_wconf 88' lang='lat' dir='ltr'><strong>Dei,</strong></span> <span class='ocrx_word' id='word_1_40' title='bbox 2447 1684 2709 1752; x_wconf 85' lang='lat' dir='ltr'><strong>dilectis</strong></span> <span class='ocrx_word' id='word_1_41' title='bbox 2733 1711 2856 1763; x_wconf 81' lang='lat' dir='ltr'><strong>Ball</strong></span> 
     </span>
    </p>
   </div>
   <div class='ocr_carea' id='block_1_4' title="bbox 598 1778 3049 4521">
    <p class='ocr_par' dir='ltr' id='par_1_4' title="bbox 602 1778 3046 2188">
     <span class='ocr_line' id='line_1_8' title="bbox 602 1778 3046 1896; baseline 0.002 -49"><span class='ocrx_word' id='word_1_42' title='bbox 602 1790 638 1818; x_wconf 92' lang='lat'><strong><em>“</em></strong></span> <span class='ocrx_word' id='word_1_43' title='bbox 680 1783 852 1865; x_wconf 89' lang='lat' dir='ltr'><strong>filiis,</strong></span> <span class='ocrx_word' id='word_1_44' title='bbox 891 1783 1148 1849; x_wconf 87' lang='lat' dir='ltr'><strong>Abbati</strong></span> <span class='ocrx_word' id='word_1_45' title='bbox 1191 1789 1261 1850; x_wconf 90' lang='lat' dir='ltr'><strong>et</strong></span> <span class='ocrx_word' id='word_1_46' title='bbox 1292 1784 1675 1851; x_wconf 83' lang='lat' dir='ltr'><strong>Conventui</strong></span> <span class='ocrx_word' id='word_1_47' title='bbox 1719 1784 2113 1852; x_wconf 82' lang='lat' dir='ltr'><strong>Monasterii</strong></span> <span class='ocrx_word' id='word_1_48' title='bbox 2158 1784 2389 1853; x_wconf 86' lang='lat' dir='ltr'><strong>Sancti</strong></span> <span class='ocrx_word' id='word_1_49' title='bbox 2434 1784 2704 1868; x_wconf 82' lang='lat' dir='ltr'><strong>Albani,</strong></span> <span class='ocrx_word' id='word_1_50' title='bbox 2730 1778 3046 1896; x_wconf 55' lang='lat' dir='ltr'><strong>fssfltfflulffy</strong></span> 
     </span>
     <span class='ocr_line' id='line_1_9' title="bbox 602 1859 3024 1974; baseline 0.001 -22"><span class='ocrx_word' id='word_1_51' title='bbox 602 1892 636 1922; x_wconf 80' lang='lat'><strong>‘⁶</strong></span> <span class='ocrx_word' id='word_1_52' title='bbox 680 1886 996 1952; x_wconf 84' lang='lat' dir='ltr'><strong>Romanae</strong></span> <span class='ocrx_word' id='word_1_53' title='bbox 1041 1884 1350 1953; x_wconf 83' lang='lat' dir='ltr'><strong>Ecclesiae</strong></span> <span class='ocrx_word' id='word_1_54' title='bbox 1393 1887 1785 1953; x_wconf 87' lang='lat' dir='ltr'><strong>immediate</strong></span> <span class='ocrx_word' id='word_1_55' title='bbox 1830 1887 2129 1974; x_wconf 86' lang='lat' dir='ltr'><strong>subjecti,</strong></span> <span class='ocrx_word' id='word_1_56' title='bbox 2163 1888 2432 1954; x_wconf 82' lang='lat' dir='ltr'>Ordinis</span> <span class='ocrx_word' id='word_1_57' title='bbox 2476 1887 2707 1955; x_wconf 78' lang='lat' dir='ltr'>Sancti</span> <span class='ocrx_word' id='word_1_58' title='bbox 2732 1859 2903 1962; x_wconf 54' lang='grc' dir='ltr'><strong>ιὶηφῧ,</strong></span> <span class='ocrx_word' id='word_1_59' title='bbox 2924 1918 2979 1961; x_wconf 83' lang='lat' dir='ltr'><strong>to</strong></span> <span class='ocrx_word' id='word_1_60' title='bbox 3002 1874 3024 1884; x_wconf 55' lang='lat'>⁶</span> 
     </span>
     <span class='ocr_line' id='line_1_10' title="bbox 602 1976 3043 2094; baseline 0.001 -42"><span class='ocrx_word' id='word_1_61' title='bbox 602 1995 640 2025; x_wconf 89' lang='lat'><em>“</em></span> <span class='ocrx_word' id='word_1_62' title='bbox 680 1987 1041 2067; x_wconf 70' lang='lat' dir='ltr'><strong>Benedicti,</strong></span> <span class='ocrx_word' id='word_1_63' title='bbox 1074 1987 1552 2054; x_wconf 87' lang='lat' dir='ltr'><strong>Lincolniensis</strong></span> <span class='ocrx_word' id='word_1_64' title='bbox 1596 1986 1937 2069; x_wconf 88' lang='lat' dir='ltr'><strong>Dioecesis,</strong></span> <span class='ocrx_word' id='word_1_65' title='bbox 1967 1989 2246 2055; x_wconf 89' lang='lat' dir='ltr'><strong>salutem</strong></span> <span class='ocrx_word' id='word_1_66' title='bbox 2277 1995 2347 2056; x_wconf 89' lang='lat' dir='ltr'><strong>et</strong></span> <span class='ocrx_word' id='word_1_67' title='bbox 2377 1990 2711 2077; x_wconf 83' lang='lat' dir='ltr'><strong>Apostoli·</strong></span> <span class='ocrx_word' id='word_1_68' title='bbox 2733 1976 3028 2094; x_wconf 39' lang='lat' dir='ltr'><strong>uzesssbbey</strong></span> <span class='ocrx_word' id='word_1_69' title='bbox 3038 1982 3043 1991; x_wconf 70' lang='grc'><strong>”</strong></span> 
     </span>
     <span class='ocr_line' id='line_1_11' title="bbox 603 2058 2970 2188; baseline 0.002 -33"><span class='ocrx_word' id='word_1_70' title='bbox 603 2095 643 2125; x_wconf 87' lang='grc'><strong>“</strong></span> <span class='ocrx_word' id='word_1_71' title='bbox 685 2109 829 2155; x_wconf 88' lang='lat' dir='ltr'><strong>cam</strong></span> <span class='ocrx_word' id='word_1_72' title='bbox 856 2088 1413 2156; x_wconf 70' lang='lat' dir='ltr'><strong>benedictionem.</strong></span> <span class='ocrx_word' id='word_1_73' title='bbox 1474 2089 1765 2156; x_wconf 80' lang='lat' dir='ltr'><strong>Sincerae</strong></span> <span class='ocrx_word' id='word_1_74' title='bbox 1796 2089 2173 2156; x_wconf 83' lang='lat' dir='ltr'><strong>devotionis</strong></span> <span class='ocrx_word' id='word_1_75' title='bbox 2202 2091 2491 2171; x_wconf 85' lang='lat' dir='ltr'><strong>affectus,</strong></span> <span class='ocrx_word' id='word_1_76' title='bbox 2514 2112 2711 2177; x_wconf 88' lang='lat' dir='ltr'><strong>quem</strong></span> <span class='ocrx_word' id='word_1_77' title='bbox 2735 2058 2970 2188; x_wconf 50' lang='lat' dir='ltr'><strong>(Albana,</strong></span> 
     </span>
    </p>

    <p class='ocr_par' dir='ltr' id='par_1_5' title="bbox 602 2188 2895 2292">
     <span class='ocr_line' id='line_1_12' title="bbox 602 2188 2895 2292; baseline 0.002 -37"><span class='ocrx_word' id='word_1_78' title='bbox 602 2197 640 2227; x_wconf 90' lang='lat'><strong>“</strong></span> <span class='ocrx_word' id='word_1_79' title='bbox 685 2191 774 2255; x_wconf 89' lang='lat' dir='ltr'><strong>ad</strong></span> <span class='ocrx_word' id='word_1_80' title='bbox 815 2211 938 2255; x_wconf 90' lang='lat' dir='ltr'><strong>nos</strong></span> <span class='ocrx_word' id='word_1_81' title='bbox 982 2195 1053 2256; x_wconf 88' lang='lat' dir='ltr'><strong>et</strong></span> <span class='ocrx_word' id='word_1_82' title='bbox 1099 2190 1468 2256; x_wconf 82' lang='lat' dir='ltr'><strong>Romanam</strong></span> <span class='ocrx_word' id='word_1_83' title='bbox 1532 2190 1764 2278; x_wconf 83' lang='lat' dir='ltr'><strong>geritis</strong></span> <span class='ocrx_word' id='word_1_84' title='bbox 1823 2190 2197 2270; x_wconf 72' lang='lat' dir='ltr'><strong>Ecclesiam,</strong></span> <span class='ocrx_word' id='word_1_85' title='bbox 2245 2214 2383 2258; x_wconf 91' lang='lat' dir='ltr'><strong>non</strong></span> <span class='ocrx_word' id='word_1_86' title='bbox 2439 2193 2712 2281; x_wconf 81' lang='lat' dir='ltr'><strong>indigne</strong></span> <span class='ocrx_word' id='word_1_87' title='bbox 2737 2188 2895 2292; x_wconf 48' lang='grc' dir='ltr'><strong>ἔξω</strong></span> 
     </span>
    </p>

    <p class='ocr_par' dir='ltr' id='par_1_6' title="bbox 602 2255 3049 2585">
     <span class='ocr_line' id='line_1_13' title="bbox 602 2255 3016 2382; baseline 0.001 -26"><span class='ocrx_word' id='word_1_88' title='bbox 602 2297 639 2327; x_wconf 90' lang='lat'><strong>“</strong></span> <span class='ocrx_word' id='word_1_89' title='bbox 683 2297 992 2369; x_wconf 87' lang='lat' dir='ltr'><strong>meretur,</strong></span> <span class='ocrx_word' id='word_1_90' title='bbox 1039 2296 1120 2357; x_wconf 90' lang='lat' dir='ltr'><strong>ut</strong></span> <span class='ocrx_word' id='word_1_91' title='bbox 1162 2291 1602 2379; x_wconf 73' lang='lat' dir='ltr'><strong>petitionibus</strong></span> <span class='ocrx_word' id='word_1_92' title='bbox 1648 2292 1907 2373; x_wconf 83' lang='lat' dir='ltr'><strong>vestris,</strong></span> <span class='ocrx_word' id='word_1_93' title='bbox 1954 2291 2088 2359; x_wconf 85' lang='lat' dir='ltr'><strong>illis</strong></span> <span class='ocrx_word' id='word_1_94' title='bbox 2131 2295 2499 2382; x_wconf 77' lang='lat' dir='ltr'><strong>praesertim</strong></span> <span class='ocrx_word' id='word_1_95' title='bbox 2548 2318 2714 2382; x_wconf 86' lang='lat' dir='ltr'><strong>quas</strong></span> <span class='ocrx_word' id='word_1_96' title='bbox 2738 2320 2769 2357; x_wconf 73' lang='lat' dir='ltr'><strong>a</strong></span> <span class='ocrx_word' id='word_1_97' title='bbox 2790 2255 3016 2371; x_wconf 50' lang='lat' dir='ltr'><strong>pougbl’e</strong></span> 
     </span>
     <span class='ocr_line' id='line_1_14' title="bbox 603 2373 3049 2490; baseline 0.002 -32"><span class='ocrx_word' id='word_1_98' title='bbox 603 2400 642 2429; x_wconf 88' lang='lat'>“</span> <span class='ocrx_word' id='word_1_99' title='bbox 686 2415 774 2459; x_wconf 85' lang='lat' dir='ltr'><strong>ex</strong></span> <span class='ocrx_word' id='word_1_100' title='bbox 832 2394 1205 2460; x_wconf 87' lang='lat' dir='ltr'><strong>devotionis</strong></span> <span class='ocrx_word' id='word_1_101' title='bbox 1248 2393 1504 2459; x_wconf 87' lang='lat' dir='ltr'><strong>fervore</strong></span> <span class='ocrx_word' id='word_1_102' title='bbox 1563 2393 1831 2481; x_wconf 85' lang='lat' dir='ltr'><strong>prodire</strong></span> <span class='ocrx_word' id='word_1_103' title='bbox 1890 2395 2344 2482; x_wconf 77' lang='lat' dir='ltr'><strong>conspicimus,</strong></span> <span class='ocrx_word' id='word_1_104' title='bbox 2389 2401 2711 2483; x_wconf 90' lang='lat' dir='ltr'><strong>quantum</strong></span> <span class='ocrx_word' id='word_1_105' title='bbox 2737 2373 3049 2490; x_wconf 42' lang='lat' dir='ltr'><strong>§2¹2³ssss</strong></span> 
     </span>
     <span class='ocr_line' id='line_1_15' title="bbox 602 2476 2998 2585; baseline 0.002 -25"><span class='ocrx_word' id='word_1_106' title='bbox 602 2502 639 2531; x_wconf 88' lang='lat'><em>“</em></span> <span class='ocrx_word' id='word_1_107' title='bbox 682 2517 833 2561; x_wconf 91' lang='lat' dir='ltr'><strong>cum</strong></span> <span class='ocrx_word' id='word_1_108' title='bbox 863 2496 1006 2561; x_wconf 92' lang='lat' dir='ltr'><strong>Deo</strong></span> <span class='ocrx_word' id='word_1_109' title='bbox 1035 2516 1402 2582; x_wconf 87' lang='lat' dir='ltr'><strong>possumus,</strong></span> <span class='ocrx_word' id='word_1_110' title='bbox 1432 2493 1894 2561; x_wconf 73' lang='lat' dir='ltr'><strong>favorabiliter</strong></span> <span class='ocrx_word' id='word_1_111' title='bbox 1934 2517 2322 2565; x_wconf 79' lang='lat' dir='ltr'><strong>annuamus,</strong></span> <span class='ocrx_word' id='word_1_112' title='bbox 2389 2498 2564 2564; x_wconf 87' lang='lat' dir='ltr'><strong>Sane</strong></span> <span class='ocrx_word' id='word_1_113' title='bbox 2593 2520 2711 2585; x_wconf 88' lang='lat' dir='ltr'><strong>pro</strong></span> <span class='ocrx_word' id='word_1_114' title='bbox 2738 2476 2922 2557; x_wconf 54' lang='lat' dir='ltr'><strong>housia</strong></span> <span class='ocrx_word' id='word_1_115' title='bbox 2944 2507 2998 2555; x_wconf 81' lang='lat' dir='ltr'><strong>in</strong></span> 
     </span>
    </p>

    <p class='ocr_par' dir='ltr' id='par_1_7' title="bbox 606 2570 2949 2689">
     <span class='ocr_line' id='line_1_16' title="bbox 606 2570 2949 2689; baseline 0 -26"><span class='ocrx_word' id='word_1_116' title='bbox 606 2604 645 2634; x_wconf 89' lang='lat'><strong>“</strong></span> <span class='ocrx_word' id='word_1_117' title='bbox 685 2601 875 2684; x_wconf 87' lang='lat' dir='ltr'><strong>parte</strong></span> <span class='ocrx_word' id='word_1_118' title='bbox 920 2602 1145 2663; x_wconf 81' lang='lat' dir='ltr'><strong>vestra</strong></span> <span class='ocrx_word' id='word_1_119' title='bbox 1175 2597 1369 2663; x_wconf 91' lang='lat' dir='ltr'><strong>nobis</strong></span> <span class='ocrx_word' id='word_1_120' title='bbox 1414 2618 1629 2684; x_wconf 89' lang='lat' dir='ltr'><strong>nuper</strong></span> <span class='ocrx_word' id='word_1_121' title='bbox 1673 2597 1978 2665; x_wconf 84' lang='lat' dir='ltr'><strong>exhibita</strong></span> <span class='ocrx_word' id='word_1_122' title='bbox 2020 2599 2260 2686; x_wconf 90' lang='lat' dir='ltr'><strong>petitio</strong></span> <span class='ocrx_word' id='word_1_123' title='bbox 2305 2599 2707 2679; x_wconf 87' lang='lat' dir='ltr'><strong>continebat,</strong></span> <span class='ocrx_word' id='word_1_124' title='bbox 2734 2570 2949 2689; x_wconf 53' lang='lat' dir='ltr'><strong>fflff‘t’n</strong></span> 
     </span>
    </p>

    <p class='ocr_par' dir='ltr' id='par_1_8' title="bbox 606 2698 2953 2788">
     <span class='ocr_line' id='line_1_17' title="bbox 606 2698 2953 2788; baseline 0.002 -24"><span class='ocrx_word' id='word_1_125' title='bbox 606 2706 642 2736; x_wconf 91' lang='grc'><strong>“</strong></span> <span class='ocrx_word' id='word_1_126' title='bbox 685 2700 862 2787; x_wconf 91' lang='lat' dir='ltr'><strong>quod</strong></span> <span class='ocrx_word' id='word_1_127' title='bbox 906 2719 1027 2766; x_wconf 81' lang='lat' dir='ltr'><strong>vos</strong></span> <span class='ocrx_word' id='word_1_128' title='bbox 1069 2720 1281 2765; x_wconf 89' lang='lat' dir='ltr'><strong>unum</strong></span> <span class='ocrx_word' id='word_1_129' title='bbox 1327 2698 1402 2764; x_wconf 90' lang='lat' dir='ltr'><strong>in</strong></span> <span class='ocrx_word' id='word_1_130' title='bbox 1448 2699 1725 2766; x_wconf 85' lang='lat' dir='ltr'><strong>civitate</strong></span> <span class='ocrx_word' id='word_1_131' title='bbox 1769 2700 2280 2781; x_wconf 88' lang='lat' dir='ltr'><strong>Londoniarum,</strong></span> <span class='ocrx_word' id='word_1_132' title='bbox 2311 2701 2385 2766; x_wconf 91' lang='lat' dir='ltr'><strong>in</strong></span> <span class='ocrx_word' id='word_1_133' title='bbox 2413 2722 2546 2788; x_wconf 90' lang='lat' dir='ltr'><strong>quo</strong></span> <span class='ocrx_word' id='word_1_134' title='bbox 2585 2722 2706 2767; x_wconf 81' lang='lat' dir='ltr'><strong>vos</strong></span> <span class='ocrx_word' id='word_1_135' title='bbox 2735 2703 2953 2755; x_wconf 54' lang='lat'><strong>0¹¹⁰&amp;-</strong></span> 
     </span>
    </p>

    <p class='ocr_par' dir='ltr' id='par_1_9' title="bbox 603 2799 2706 2890">
     <span class='ocr_line' id='line_1_18' title="bbox 603 2799 2706 2890; baseline 0.002 -24"><span class='ocrx_word' id='word_1_136' title='bbox 603 2809 636 2837; x_wconf 90' lang='lat'><strong>“</strong></span> <span class='ocrx_word' id='word_1_137' title='bbox 683 2805 753 2867; x_wconf 89' lang='lat' dir='ltr'><strong>et</strong></span> <span class='ocrx_word' id='word_1_138' title='bbox 796 2799 944 2866; x_wconf 85' lang='lat' dir='ltr'><strong>aliae</strong></span> <span class='ocrx_word' id='word_1_139' title='bbox 997 2822 1403 2887; x_wconf 82' lang='lat' dir='ltr'><strong>quaecunque</strong></span> <span class='ocrx_word' id='word_1_140' title='bbox 1463 2822 1761 2888; x_wconf 83' lang='lat' dir='ltr'><strong>personae</strong></span> <span class='ocrx_word' id='word_1_141' title='bbox 1821 2802 2034 2869; x_wconf 84' lang='lat' dir='ltr'><strong>nostri</strong></span> <span class='ocrx_word' id='word_1_142' title='bbox 2093 2802 2497 2880; x_wconf 87' lang='lat' dir='ltr'><strong>monasterii,</strong></span> <span class='ocrx_word' id='word_1_143' title='bbox 2545 2825 2706 2890; x_wconf 89' lang='lat' dir='ltr'><strong>quo-</strong></span> 
     </span>
    </p>

    <p class='ocr_par' dir='ltr' id='par_1_10' title="bbox 606 2903 2707 2993">
     <span class='ocr_line' id='line_1_19' title="bbox 606 2903 2707 2993; baseline 0.001 -25"><span class='ocrx_word' id='word_1_144' title='bbox 606 2910 641 2938; x_wconf 89' lang='lat'><strong>“</strong></span> <span class='ocrx_word' id='word_1_145' title='bbox 686 2904 1114 2989; x_wconf 88' lang='lat' dir='ltr'><strong>tienscunque</strong></span> <span class='ocrx_word' id='word_1_146' title='bbox 1141 2925 1263 2993; x_wconf 91' lang='lat' dir='ltr'><strong>pro</strong></span> <span class='ocrx_word' id='word_1_147' title='bbox 1295 2903 1503 2991; x_wconf 89' lang='lat' dir='ltr'><strong>ipsius</strong></span> <span class='ocrx_word' id='word_1_148' title='bbox 1545 2903 1933 2969; x_wconf 86' lang='lat' dir='ltr'><strong>monasterii</strong></span> <span class='ocrx_word' id='word_1_149' title='bbox 1975 2904 2447 2992; x_wconf 83' lang='lat' dir='ltr'><strong>promovendis</strong></span> <span class='ocrx_word' id='word_1_150' title='bbox 2478 2910 2549 2970; x_wconf 90' lang='lat' dir='ltr'><strong>et</strong></span> <span class='ocrx_word' id='word_1_151' title='bbox 2577 2905 2707 2971; x_wconf 91' lang='lat' dir='ltr'><strong>dis-</strong></span> 
     </span>
    </p>

    <p class='ocr_par' dir='ltr' id='par_1_11' title="bbox 607 3005 2708 3095">
     <span class='ocr_line' id='line_1_20' title="bbox 607 3005 2708 3095; baseline 0 -25"><span class='ocrx_word' id='word_1_152' title='bbox 607 3011 645 3041; x_wconf 88' lang='lat'>“</span> <span class='ocrx_word' id='word_1_153' title='bbox 688 3005 1009 3091; x_wconf 87' lang='lat' dir='ltr'><strong>ponendis</strong></span> <span class='ocrx_word' id='word_1_154' title='bbox 1051 3005 1353 3093; x_wconf 85' lang='lat' dir='ltr'><strong>negotiis,</strong></span> <span class='ocrx_word' id='word_1_155' title='bbox 1397 3009 1521 3071; x_wconf 89' lang='lat' dir='ltr'><strong>aut</strong></span> <span class='ocrx_word' id='word_1_156' title='bbox 1563 3005 1748 3086; x_wconf 83' lang='lat' dir='ltr'><strong>alias,</strong></span> <span class='ocrx_word' id='word_1_157' title='bbox 1786 3026 1907 3072; x_wconf 80' lang='lat' dir='ltr'><strong>vos</strong></span> <span class='ocrx_word' id='word_1_158' title='bbox 1950 3010 2020 3073; x_wconf 90' lang='lat' dir='ltr'><strong>et</strong></span> <span class='ocrx_word' id='word_1_159' title='bbox 2063 3028 2370 3095; x_wconf 81' lang='lat' dir='ltr'><strong>personas</strong></span> <span class='ocrx_word' id='word_1_160' title='bbox 2416 3005 2593 3094; x_wconf 87' lang='lat' dir='ltr'><strong>ipsas</strong></span> <span class='ocrx_word' id='word_1_161' title='bbox 2621 3005 2708 3071; x_wconf 90' lang='lat' dir='ltr'><strong>ad</strong></span> 
     </span>
    </p>

    <p class='ocr_par' dir='ltr' id='par_1_12' title="bbox 605 3106 2707 3195">
     <span class='ocr_line' id='line_1_21' title="bbox 605 3106 2707 3195; baseline 0 -24"><span class='ocrx_word' id='word_1_162' title='bbox 605 3111 642 3142; x_wconf 88' lang='lat'><strong>“</strong></span> <span class='ocrx_word' id='word_1_163' title='bbox 688 3106 1029 3172; x_wconf 79' lang='lat' dir='ltr'><strong>civitatem</strong></span> <span class='ocrx_word' id='word_1_164' title='bbox 1072 3107 1457 3193; x_wconf 75' lang='lat' dir='ltr'><strong>praedictam</strong></span> <span class='ocrx_word' id='word_1_165' title='bbox 1498 3107 1800 3173; x_wconf 76' lang='lat' dir='ltr'><strong>accedere</strong></span> <span class='ocrx_word' id='word_1_166' title='bbox 1844 3129 1961 3174; x_wconf 90' lang='lat' dir='ltr'><strong>seu</strong></span> <span class='ocrx_word' id='word_1_167' title='bbox 2004 3106 2329 3174; x_wconf 85' lang='lat' dir='ltr'><strong>declinare</strong></span> <span class='ocrx_word' id='word_1_168' title='bbox 2360 3107 2707 3195; x_wconf 87' lang='lat' dir='ltr'><strong>contingit,</strong></span> 
     </span>
    </p>

    <p class='ocr_par' dir='ltr' id='par_1_13' title="bbox 609 3207 2710 3296">
     <span class='ocr_line' id='line_1_22' title="bbox 609 3207 2710 3296; baseline -0 -21"><span class='ocrx_word' id='word_1_169' title='bbox 609 3214 647 3244; x_wconf 90' lang='lat'><strong>“</strong></span> <span class='ocrx_word' id='word_1_170' title='bbox 691 3207 1102 3275; x_wconf 69' lang='lat' dir='ltr'><strong>saecularium</strong></span> <span class='ocrx_word' id='word_1_171' title='bbox 1159 3231 1582 3296; x_wconf 87' lang='lat' dir='ltr'><strong>personarum</strong></span> <span class='ocrx_word' id='word_1_172' title='bbox 1643 3210 2127 3277; x_wconf 72' lang='lat' dir='ltr'><strong>commixtione</strong></span> <span class='ocrx_word' id='word_1_173' title='bbox 2175 3211 2441 3289; x_wconf 86' lang='lat' dir='ltr'><strong>seclusa,</strong></span> <span class='ocrx_word' id='word_1_174' title='bbox 2484 3211 2710 3275; x_wconf 87' lang='lat' dir='ltr'><strong>reduci</strong></span> 
     </span>
    </p>

    <p class='ocr_par' dir='ltr' id='par_1_14' title="bbox 605 3309 2711 3399">
     <span class='ocr_line' id='line_1_23' title="bbox 605 3309 2711 3399; baseline -0 -23"><span class='ocrx_word' id='word_1_175' title='bbox 605 3315 644 3348; x_wconf 89' lang='lat'>“</span> <span class='ocrx_word' id='word_1_176' title='bbox 692 3315 762 3376; x_wconf 86' lang='lat' dir='ltr'><strong>et</strong></span> <span class='ocrx_word' id='word_1_177' title='bbox 806 3310 1134 3376; x_wconf 70' lang='lat' dir='ltr'><strong>divertere</strong></span> <span class='ocrx_word' id='word_1_178' title='bbox 1190 3311 1454 3398; x_wconf 55' lang='lat' dir='ltr'><strong>poffltis</strong></span> <span class='ocrx_word' id='word_1_179' title='bbox 1499 3315 1569 3378; x_wconf 92' lang='lat' dir='ltr'><strong>et</strong></span> <span class='ocrx_word' id='word_1_180' title='bbox 1612 3311 1913 3399; x_wconf 81' lang='lat' dir='ltr'><strong>possint3</strong></span> <span class='ocrx_word' id='word_1_181' title='bbox 1961 3315 2031 3377; x_wconf 86' lang='lat' dir='ltr'><strong>et</strong></span> <span class='ocrx_word' id='word_1_182' title='bbox 2075 3311 2259 3377; x_wconf 89' lang='lat' dir='ltr'><strong>aliud</strong></span> <span class='ocrx_word' id='word_1_183' title='bbox 2304 3311 2378 3376; x_wconf 89' lang='lat' dir='ltr'><strong>in</strong></span> <span class='ocrx_word' id='word_1_184' title='bbox 2425 3309 2446 3348; x_wconf 87' lang='lat'>¹</span> <span class='ocrx_word' id='word_1_185' title='bbox 2468 3312 2711 3397; x_wconf 90' lang='lat' dir='ltr'><strong>oppido</strong></span> 
     </span>
    </p>

    <p class='ocr_par' dir='ltr' id='par_1_15' title="bbox 602 3411 2711 3501">
     <span class='ocr_line' id='line_1_24' title="bbox 602 3411 2711 3501; baseline -0.001 -23"><span class='ocrx_word' id='word_1_186' title='bbox 602 3420 643 3458; x_wconf 87' lang='lat'><strong>·“</strong></span> <span class='ocrx_word' id='word_1_187' title='bbox 692 3411 1075 3493; x_wconf 79' lang='lat' dir='ltr'><strong>oxoniensi,</strong></span> <span class='ocrx_word' id='word_1_188' title='bbox 1129 3413 1201 3477; x_wconf 90' lang='lat' dir='ltr'><strong>in</strong></span> <span class='ocrx_word' id='word_1_189' title='bbox 1253 3434 1384 3499; x_wconf 90' lang='lat' dir='ltr'><strong>quo</strong></span> <span class='ocrx_word' id='word_1_190' title='bbox 1427 3414 1616 3501; x_wconf 81' lang='lat' dir='ltr'><strong>viget</strong></span> <span class='ocrx_word' id='word_1_191' title='bbox 1664 3412 1982 3480; x_wconf 86' lang='lat' dir='ltr'><strong>Studium</strong></span> <span class='ocrx_word' id='word_1_192' title='bbox 2044 3411 2379 3493; x_wconf 74' lang='lat' dir='ltr'><strong>Gener-ale,</strong></span> <span class='ocrx_word' id='word_1_193' title='bbox 2424 3434 2542 3499; x_wconf 92' lang='lat' dir='ltr'><strong>pro</strong></span> <span class='ocrx_word' id='word_1_194' title='bbox 2587 3434 2711 3477; x_wconf 88' lang='lat' dir='ltr'><strong>usu</strong></span> 
     </span>
    </p>

    <p class='ocr_par' dir='ltr' id='par_1_16' title="bbox 605 3511 2708 3602">
     <span class='ocr_line' id='line_1_25' title="bbox 605 3511 2708 3602; baseline 0 -23"><span class='ocrx_word' id='word_1_195' title='bbox 605 3520 645 3551; x_wconf 88' lang='lat'><strong>“</strong></span> <span class='ocrx_word' id='word_1_196' title='bbox 690 3517 760 3579; x_wconf 91' lang='lat' dir='ltr'><strong>et</strong></span> <span class='ocrx_word' id='word_1_197' title='bbox 810 3511 1225 3580; x_wconf 81' lang='lat' dir='ltr'><strong>habitatione</strong></span> <span class='ocrx_word' id='word_1_198' title='bbox 1284 3518 1526 3595; x_wconf 83' lang='lat' dir='ltr'><strong>vestra,</strong></span> <span class='ocrx_word' id='word_1_199' title='bbox 1597 3520 1667 3581; x_wconf 87' lang='lat' dir='ltr'><strong>et</strong></span> <span class='ocrx_word' id='word_1_200' title='bbox 1732 3535 2159 3602; x_wconf 88' lang='lat' dir='ltr'><strong>personarum</strong></span> <span class='ocrx_word' id='word_1_201' title='bbox 2221 3513 2708 3602; x_wconf 75' lang='lat' dir='ltr'><strong>praedictarum,</strong></span> 
     </span>
    </p>

    <p class='ocr_par' dir='ltr' id='par_1_17' title="bbox 607 3614 2704 3703">
     <span class='ocr_line' id='line_1_26' title="bbox 607 3614 2704 3703; baseline 0.001 -23"><span class='ocrx_word' id='word_1_202' title='bbox 607 3621 644 3652; x_wconf 84' lang='lat'>“</span> <span class='ocrx_word' id='word_1_203' title='bbox 686 3614 936 3681; x_wconf 90' lang='lat' dir='ltr'><strong>ibidem</strong></span> <span class='ocrx_word' id='word_1_204' title='bbox 993 3637 1115 3702; x_wconf 88' lang='lat' dir='ltr'><strong>pro</strong></span> <span class='ocrx_word' id='word_1_205' title='bbox 1174 3620 1473 3703; x_wconf 84' lang='lat' dir='ltr'><strong>tempore</strong></span> <span class='ocrx_word' id='word_1_206' title='bbox 1515 3616 1892 3684; x_wconf 86' lang='lat' dir='ltr'><strong>litterarum</strong></span> <span class='ocrx_word' id='word_1_207' title='bbox 1952 3616 2176 3684; x_wconf 89' lang='lat' dir='ltr'><strong>studio</strong></span> <span class='ocrx_word' id='word_1_208' title='bbox 2233 3617 2704 3694; x_wconf 86' lang='lat' dir='ltr'><strong>insistentium,</strong></span> 
     </span>
    </p>

    <p class='ocr_par' dir='ltr' id='par_1_18' title="bbox 598 3713 2707 3805">
     <span class='ocr_line' id='line_1_27' title="bbox 598 3713 2707 3805; baseline 0.001 -23"><span class='ocrx_word' id='word_1_209' title='bbox 598 3724 636 3755; x_wconf 86' lang='lat'><strong>“</strong></span> <span class='ocrx_word' id='word_1_210' title='bbox 683 3717 1085 3804; x_wconf 86' lang='lat' dir='ltr'><strong>deputatum</strong></span> <span class='ocrx_word' id='word_1_211' title='bbox 1129 3713 1158 3753; x_wconf 78' lang='lat'><strong>⁹</strong></span> <span class='ocrx_word' id='word_1_212' title='bbox 1179 3723 1543 3805; x_wconf 84' lang='lat' dir='ltr'><strong>propterea,</strong></span> <span class='ocrx_word' id='word_1_213' title='bbox 1591 3719 1835 3785; x_wconf 89' lang='lat' dir='ltr'><strong>habere</strong></span> <span class='ocrx_word' id='word_1_214' title='bbox 1879 3717 2311 3787; x_wconf 83' lang='lat' dir='ltr'><strong>dinoscamini</strong></span> <span class='ocrx_word' id='word_1_215' title='bbox 2363 3720 2707 3786; x_wconf 86' lang='lat' dir='ltr'><strong>commoda</strong></span> 
     </span>
    </p>

    <p class='ocr_par' dir='ltr' id='par_1_19' title="bbox 599 3818 2706 3910">
     <span class='ocr_line' id='line_1_28' title="bbox 599 3818 2706 3910; baseline 0.001 -25"><span class='ocrx_word' id='word_1_216' title='bbox 599 3822 644 3856; x_wconf 73' lang='lat'><strong>‘⁴&#39;</strong></span> <span class='ocrx_word' id='word_1_217' title='bbox 682 3818 793 3885; x_wconf 83' lang='lat' dir='ltr'><strong>vel</strong></span> <span class='ocrx_word' id='word_1_218' title='bbox 822 3818 1153 3908; x_wconf 84' lang='lat' dir='ltr'><strong>hospitia;</strong></span> <span class='ocrx_word' id='word_1_219' title='bbox 1184 3820 1258 3884; x_wconf 91' lang='lat' dir='ltr'><strong>in</strong></span> <span class='ocrx_word' id='word_1_220' title='bbox 1289 3842 1572 3907; x_wconf 85' lang='lat' dir='ltr'><strong>quorum</strong></span> <span class='ocrx_word' id='word_1_221' title='bbox 1602 3820 1918 3908; x_wconf 86' lang='lat' dir='ltr'><strong>quolibet,</strong></span> <span class='ocrx_word' id='word_1_222' title='bbox 1950 3843 2073 3910; x_wconf 91' lang='lat' dir='ltr'><strong>pro</strong></span> <span class='ocrx_word' id='word_1_223' title='bbox 2104 3821 2327 3889; x_wconf 82' lang='lat' dir='ltr'><strong>Missis</strong></span> <span class='ocrx_word' id='word_1_224' title='bbox 2370 3821 2706 3889; x_wconf 86' lang='lat' dir='ltr'><strong>celebran-</strong></span> 
     </span>
    </p>

    <p class='ocr_par' dir='ltr' id='par_1_20' title="bbox 608 3920 2704 4011">
     <span class='ocr_line' id='line_1_29' title="bbox 608 3920 2704 4011; baseline 0 -25"><span class='ocrx_word' id='word_1_225' title='bbox 608 3930 642 3958; x_wconf 93' lang='lat'>“</span> <span class='ocrx_word' id='word_1_226' title='bbox 685 3920 806 4003; x_wconf 88' lang='lat' dir='ltr'><strong>dis,</strong></span> <span class='ocrx_word' id='word_1_227' title='bbox 863 3926 931 3987; x_wconf 91' lang='lat' dir='ltr'><strong>et</strong></span> <span class='ocrx_word' id='word_1_228' title='bbox 981 3920 1127 3987; x_wconf 86' lang='lat' dir='ltr'><strong>aliis</strong></span> <span class='ocrx_word' id='word_1_229' title='bbox 1171 3921 1343 3987; x_wconf 90' lang='lat' dir='ltr'><strong>inibi</strong></span> <span class='ocrx_word' id='word_1_230' title='bbox 1390 3922 1641 3988; x_wconf 83' lang='lat' dir='ltr'><strong>divinis</strong></span> <span class='ocrx_word' id='word_1_231' title='bbox 1686 3921 1914 3990; x_wconf 72' lang='lat' dir='ltr'><strong>officiis</strong></span> <span class='ocrx_word' id='word_1_232' title='bbox 1962 3920 2369 4011; x_wconf 66' lang='lat' dir='ltr'><strong>peragendis{</strong></span> <span class='ocrx_word' id='word_1_233' title='bbox 2417 3922 2704 4009; x_wconf 80' lang='lat' dir='ltr'><strong>Capella,</strong></span> 
     </span>
    </p>

    <p class='ocr_par' dir='ltr' id='par_1_21' title="bbox 610 4022 2707 4102">
     <span class='ocr_line' id='line_1_30' title="bbox 610 4022 2707 4102; baseline 0 -15"><span class='ocrx_word' id='word_1_234' title='bbox 610 4026 647 4060; x_wconf 85' lang='lat'><strong>“</strong></span> <span class='ocrx_word' id='word_1_235' title='bbox 690 4023 984 4090; x_wconf 90' lang='lat' dir='ltr'><strong>nondum</strong></span> <span class='ocrx_word' id='word_1_236' title='bbox 1028 4028 1259 4090; x_wconf 88' lang='lat' dir='ltr'><strong>tamen</strong></span> <span class='ocrx_word' id='word_1_237' title='bbox 1302 4029 1696 4102; x_wconf 85' lang='lat' dir='ltr'><strong>consecrata,</strong></span> <span class='ocrx_word' id='word_1_238' title='bbox 1743 4022 1857 4090; x_wconf 83' lang='lat' dir='ltr'><strong>vel</strong></span> <span class='ocrx_word' id='word_1_239' title='bbox 1907 4023 2310 4101; x_wconf 81' lang='lat' dir='ltr'><strong>oratorium,</strong></span> <span class='ocrx_word' id='word_1_240' title='bbox 2354 4022 2707 4089; x_wconf 87' lang='lat' dir='ltr'><strong>condecen-</strong></span> 
     </span>
    </p>

    <p class='ocr_par' dir='ltr' id='par_1_22' title="bbox 603 4124 2708 4211">
     <span class='ocr_line' id='line_1_31' title="bbox 603 4124 2708 4211; baseline -0.001 -19"><span class='ocrx_word' id='word_1_241' title='bbox 603 4131 642 4163; x_wconf 89' lang='lat'>“</span> <span class='ocrx_word' id='word_1_242' title='bbox 685 4130 789 4192; x_wconf 90' lang='lat' dir='ltr'><strong>ter</strong></span> <span class='ocrx_word' id='word_1_243' title='bbox 847 4130 952 4192; x_wconf 90' lang='lat' dir='ltr'><strong>est</strong></span> <span class='ocrx_word' id='word_1_244' title='bbox 1010 4131 1322 4194; x_wconf 88' lang='lat' dir='ltr'><strong>erectum.</strong></span> <span class='ocrx_word' id='word_1_245' title='bbox 1411 4125 1580 4193; x_wconf 80' lang='lat' dir='ltr'><strong>Cum</strong></span> <span class='ocrx_word' id='word_1_246' title='bbox 1640 4130 1885 4205; x_wconf 88' lang='lat' dir='ltr'><strong>autem,</strong></span> <span class='ocrx_word' id='word_1_247' title='bbox 1963 4124 2134 4192; x_wconf 85' lang='lat' dir='ltr'><strong>sicut</strong></span> <span class='ocrx_word' id='word_1_248' title='bbox 2194 4124 2421 4191; x_wconf 81' lang='lat' dir='ltr'><strong>eadem</strong></span> <span class='ocrx_word' id='word_1_249' title='bbox 2468 4125 2708 4211; x_wconf 89' lang='lat' dir='ltr'><strong>petitio</strong></span> 
     </span>
    </p>

    <p class='ocr_par' dir='ltr' id='par_1_23' title="bbox 607 4225 2704 4317">
     <span class='ocr_line' id='line_1_32' title="bbox 607 4225 2704 4317; baseline 0 -24"><span class='ocrx_word' id='word_1_250' title='bbox 607 4235 648 4266; x_wconf 91' lang='lat'>“</span> <span class='ocrx_word' id='word_1_251' title='bbox 691 4227 1152 4317; x_wconf 86' lang='lat' dir='ltr'><strong>subjungebat,</strong></span> <span class='ocrx_word' id='word_1_252' title='bbox 1185 4227 1499 4316; x_wconf 88' lang='lat' dir='ltr'><strong>quoniam</strong></span> <span class='ocrx_word' id='word_1_253' title='bbox 1543 4243 1666 4294; x_wconf 82' lang='lat' dir='ltr'><strong>vos</strong></span> <span class='ocrx_word' id='word_1_254' title='bbox 1694 4232 1766 4294; x_wconf 87' lang='lat' dir='ltr'><strong>et</strong></span> <span class='ocrx_word' id='word_1_255' title='bbox 1793 4248 2090 4315; x_wconf 68' lang='lat' dir='ltr'><strong>personae</strong></span> <span class='ocrx_word' id='word_1_256' title='bbox 2133 4225 2474 4315; x_wconf 81' lang='lat' dir='ltr'><strong>praedictae</strong></span> <span class='ocrx_word' id='word_1_257' title='bbox 2501 4226 2704 4293; x_wconf 90' lang='lat' dir='ltr'><strong>nullis</strong></span> 
     </span>
    </p>

    <p class='ocr_par' dir='ltr' id='par_1_24' title="bbox 609 4328 2705 4418">
     <span class='ocr_line' id='line_1_33' title="bbox 609 4328 2705 4418; baseline 0.001 -24"><span class='ocrx_word' id='word_1_258' title='bbox 609 4335 647 4364; x_wconf 90' lang='lat'><strong>“</strong></span> <span class='ocrx_word' id='word_1_259' title='bbox 693 4328 962 4395; x_wconf 80' lang='lat' dir='ltr'><strong>Missam</strong></span> <span class='ocrx_word' id='word_1_260' title='bbox 1019 4334 1089 4396; x_wconf 86' lang='lat' dir='ltr'><strong>et</strong></span> <span class='ocrx_word' id='word_1_261' title='bbox 1146 4330 1279 4395; x_wconf 86' lang='lat' dir='ltr'><strong>alia</strong></span> <span class='ocrx_word' id='word_1_262' title='bbox 1344 4329 1580 4396; x_wconf 84' lang='lat' dir='ltr'><strong>divina</strong></span> <span class='ocrx_word' id='word_1_263' title='bbox 1644 4329 1857 4397; x_wconf 87' lang='lat' dir='ltr'><strong>officia</strong></span> <span class='ocrx_word' id='word_1_264' title='bbox 1922 4328 2304 4418; x_wconf 82' lang='lat' dir='ltr'><strong>hujusmodi</strong></span> <span class='ocrx_word' id='word_1_265' title='bbox 2363 4329 2705 4408; x_wconf 86' lang='lat' dir='ltr'><strong>celebrare,</strong></span> 
     </span>
    </p>

    <p class='ocr_par' dir='ltr' id='par_1_25' title="bbox 606 4431 2708 4521">
     <span class='ocr_line' id='line_1_34' title="bbox 606 4431 2708 4521; baseline -0 -25"><span class='ocrx_word' id='word_1_266' title='bbox 606 4434 644 4468; x_wconf 90' lang='lat'><strong>“</strong></span> <span class='ocrx_word' id='word_1_267' title='bbox 686 4450 800 4497; x_wconf 90' lang='lat' dir='ltr'><strong>seu</strong></span> <span class='ocrx_word' id='word_1_268' title='bbox 844 4431 1157 4498; x_wconf 87' lang='lat' dir='ltr'><strong>celebrari</strong></span> <span class='ocrx_word' id='word_1_269' title='bbox 1188 4431 1422 4513; x_wconf 86' lang='lat' dir='ltr'><strong>facere,</strong></span> <span class='ocrx_word' id='word_1_270' title='bbox 1467 4452 1599 4498; x_wconf 91' lang='lat' dir='ltr'><strong>non</strong></span> <span class='ocrx_word' id='word_1_271' title='bbox 1648 4432 1946 4520; x_wconf 88' lang='lat' dir='ltr'><strong>potestis,</strong></span> <span class='ocrx_word' id='word_1_272' title='bbox 1992 4454 2206 4521; x_wconf 86' lang='lat' dir='ltr'><strong>neque</strong></span> <span class='ocrx_word' id='word_1_273' title='bbox 2247 4438 2546 4520; x_wconf 87' lang='lat' dir='ltr'><strong>possunt,</strong></span> <span class='ocrx_word' id='word_1_274' title='bbox 2576 4432 2708 4498; x_wconf 89' lang='lat' dir='ltr'><strong>nisi</strong></span> 
     </span>
    </p>
   </div>
   <div class='ocr_carea' id='block_1_5' title="bbox 604 4532 2708 4621">
    <p class='ocr_par' dir='ltr' id='par_1_26' title="bbox 604 4532 2708 4621">
     <span class='ocr_line' id='line_1_35' title="bbox 604 4532 2708 4621; baseline 0.001 -24"><span class='ocrx_word' id='word_1_275' title='bbox 604 4537 641 4568; x_wconf 88' lang='lat'><strong>“</strong></span> <span class='ocrx_word' id='word_1_276' title='bbox 685 4533 877 4599; x_wconf 83' lang='lat' dir='ltr'><strong>vobis</strong></span> <span class='ocrx_word' id='word_1_277' title='bbox 920 4533 1007 4599; x_wconf 89' lang='lat' dir='ltr'><strong>ad</strong></span> <span class='ocrx_word' id='word_1_278' title='bbox 1049 4534 1174 4601; x_wconf 89' lang='lat' dir='ltr'><strong>hoc</strong></span> <span class='ocrx_word' id='word_1_279' title='bbox 1217 4532 1572 4621; x_wconf 88' lang='lat' dir='ltr'><strong>superioris</strong></span> <span class='ocrx_word' id='word_1_280' title='bbox 1615 4533 1887 4602; x_wconf 87' lang='lat' dir='ltr'><strong>licentia</strong></span> <span class='ocrx_word' id='word_1_281' title='bbox 1943 4534 2355 4615; x_wconf 85' lang='lat' dir='ltr'><strong>concedatur,</strong></span> <span class='ocrx_word' id='word_1_282' title='bbox 2400 4533 2708 4600; x_wconf 85' lang='lat' dir='ltr'><strong>nonnulli</strong></span> 
     </span>
    </p>
   </div>
   <div class='ocr_carea' id='block_1_6' title="bbox 615 4688 1101 4701">
    <p class='ocr_par' dir='ltr' id='par_1_27' title="bbox 615 4688 1101 4701">
     <span class='ocr_line' id='line_1_36' title="bbox 615 4688 1101 4701; baseline 0 1016"><span class='ocrx_word' id='word_1_283' title='bbox 615 4688 1101 4701; x_wconf 95' lang='lat' dir='ltr'><strong> </strong></span> 
     </span>
    </p>
   </div>
   <div class='ocr_carea' id='block_1_7' title="bbox 678 4762 2442 4916">
    <p class='ocr_par' dir='ltr' id='par_1_28' title="bbox 678 4762 2442 4916">
     <span class='ocr_line' id='line_1_37' title="bbox 678 4762 2229 4834; baseline 0.003 -18"><span class='ocrx_word' id='word_1_284' title='bbox 678 4762 1077 4830; x_wconf 75' lang='lat' dir='ltr'><strong>¹opidoinus.</strong></span> <span class='ocrx_word' id='word_1_285' title='bbox 1650 4765 1664 4834; x_wconf 82' lang='grc' dir='ltr'>ι</span> <span class='ocrx_word' id='word_1_286' title='bbox 1758 4765 2229 4833; x_wconf 52' lang='lat' dir='ltr'><strong>mameranus.</strong></span> 
     </span>
     <span class='ocr_line' id='line_1_38' title="bbox 2400 4864 2442 4916; baseline 0 0"><span class='ocrx_word' id='word_1_287' title='bbox 2400 4864 2442 4916; x_wconf 80' lang='lat' dir='ltr'>L</span> 
     </span>
    </p>
   </div>
  </div>
 </body>
</html>
