3467 5717
868 839 999 900 340
1521 848 1837 900 ANNALES
1879 847 2303 902 MONASTERH

532 1030 669 1081 ΑΒ·
699 1036 840 1081 ¹433·
869 1043 905 1072 “
951 1038 1322 1105 effectuales
1353 1039 1703 1126 possessori
1733 1059 1869 1104 su0.
1923 1037 1943 1075 ¹
1966 1038 2098 1104 Sed
2130 1059 2544 1125 nequaquam
2577 1040 2673 1104 sic
2703 1040 2974 1105 reddere

867 1148 902 1174 “
952 1148 1185 1228 potest,
1217 1164 1336 1208 nec
1364 1143 1591 1229 aliqua
1620 1141 1750 1207 sibi
1779 1139 2033 1222 similis,
2071 1141 2329 1206 litteras
2359 1146 2665 1228 patentes
2686 1141 2974 1229 alicujus

868 1249 905 1278 “
950 1244 1249 1331 praesulis
1294 1245 1403 1311 hic
1443 1244 1808 1332 praesentis,
1856 1247 1938 1309 ut
1989 1243 2154 1309 satis
2202 1248 2481 1312 constat.
2576 1244 2772 1329 Erg0,

958 1354 991 1383 “
1033 1347 1232 1413 Nono
1275 1352 1345 1414 et
1393 1346 1631 1412 ultimo
1677 1344 2011 1412 sic-Illa
2055 1345 2352 1410 conditio
2384 1346 2601 1411 ‘deleri
2646 1346 2846 1412 debet
2888 1345 2971 1411 de

866 1457 901 1486 ‘⁶
945 1451 1116 1517 libro
1176 1448 1525 1530 memoriae,
1585 1469 2058 1534 nunquamque
2117 1448 2199 1527 de
2258 1453 2493 1515 caetero
2560 1449 2763 1515 inseri
2821 1470 2972 1515 cum

862 1559 899 1590 ‘⁶
945 1553 1090 1618 aliis
1117 1550 1426 1618 clausulis
1444 1550 1646 1636 justis
1675 1550 1747 1615 in
1771 1548 2274 1638 Archipraesulis
2294 1550 2796 1632 Certificatione,
2821 1572 2971 1638 quae

861 1659 900 1692 “
941 1659 1218 1721 conatur
1269 1653 1631 1718 Dominum
1679 1653 1930 1740 Regem
1977 1657 2271 1719 coartare
2316 1653 2399 1718 ad
2447 1652 2616 1719 illud
2660 1674 2972 1720 revocan-

863 1761 899 1791 “
944 1758 1105 1821 dum
1136 1755 1576 1843 privilegium,
1607 1755 1787 1841 quod
1816 1754 1955 1820 non
2006 1759 2109 1820 est
2159 1756 2235 1820 in
2280 1761 2611 1842 potestate
2644 1756 2855 1843 ipsius
2885 1755 2970 1821 ad

860 1866 895 1894 “
941 1859 1399 1926 revocandum.
1491 1855 1518 1895 ¹
1538 1857 1669 1923 Sed
1717 1862 1859 1922 tam
1902 1856 2327 1943 impossibilis
2371 1863 2475 1924 est
2535 1858 2831 1924 conditio
2891 1859 2972 1923 de

866 1966 900 1996 “
945 1982 1077 2046 qua
1126 1960 1209 2026 fit
1254 1980 1508 2040 sermo;
1554 1960 1712 2046 quia
1756 1959 1873 2024 illa
1923 1964 2200 2025 conatur
2246 1966 2543 2026 coartare
2590 1960 2836 2048 Regem
2885 1959 2975 2026 ad

865 2068 901 2097 ‘⁶
948 2064 1113 2128 illud
1176 2060 1620 2139 revocandum
1702 2060 2142 2148 privilegium,
2206 2062 2383 2148 quod
2445 2062 2662 2149 ipsum
2724 2063 2969 2149 Regem

865 2170 903 2199 “
948 2165 1247 2230 absolute
1294 2163 1635 2251 praeteriit.
1724 2161 1870 2227 Nec
1899 2167 2000 2228 est
2044 2162 2118 2228 in
2159 2184 2281 2229 sua
2327 2168 2672 2250 potestate,
2726 2163 2972 2251 absque

867 2274 903 2301 “
948 2266 1346 2333 forisfaction
1355 2288 1407 2348 e,
1469 2270 1550 2331 ut
1609 2286 1763 2331 eum
1822 2270 2086 2331 revocet
2144 2266 2390 2331 iterum
2449 2266 2525 2331 in
2575 2271 2972 2353 potestatem

863 2376 899 2407 “
944 2392 1172 2452 suam3
1215 2390 1370 2456 ergo
1401 2367 1605 2433 deleri
1635 2366 1835 2433 debet
1881 2367 1962 2433 de
2008 2368 2178 2434 libro
2224 2369 2575 2450 memoriae,
2606 2390 2974 2456 nunquam-

861 2477 904 2510 “
946 2495 1076 2560 que
1104 2472 1445 2561 posterius,
1476 2471 1721 2557 absque
1767 2469 2014 2536 offensa
2041 2471 2243 2558 regiae
2296 2468 2324 2510 ²
2341 2470 2724 2557 majestatis,
2769 2470 2972 2536 inseri

864 2584 901 2613 ‘⁴
941 2575 1014 2639 in
1060 2573 1566 2662 Archipraesulis
1612 2571 2117 2641 Certificatione.

948 2680 989 2714 “
1034 2677 1230 2744 Patet
1259 2676 1467 2763 igitur
1494 2675 1689 2763 plane
1742 2674 1922 2756 satis,
1975 2680 2045 2742 et
2089 2675 2277 2763 quasi
2327 2696 2448 2762 per
2475 2675 2657 2741 viam
2684 2675 2974 2742 inevita-

859 2784 898 2815 “
942 2778 1095 2845 bilis
1153 2777 1751 2856 demonstrationiS,
1827 2798 2028 2863 quam
2101 2777 2348 2844 vitiosa
2422 2777 2515 2844 sit
2589 2779 2972 2866 supradicta

861 2887 901 2920 “
946 2881 1255 2963 clausula,
1316 2900 1646 2966 quamque
1706 2879 2096 2967 derogativa
2138 2901 2396 2947 coronae
2452 2879 2671 2967 regiae,
2717 2902 2796 2946 ac
2846 2902 2967 2946 ex-

859 2990 899 3020 “
943 3006 1160 3074 presse
1212 2988 1443 3050 contra
1494 2981 1717 3049 omnia
1750 2981 1924 3067 jura.

951 3093 987 3124 “
1008 3087 1289 3154 Ostenso
1337 3086 1483 3173 jam
1543 3084 1828 3151 secundo
1880 3104 1999 3171 per
2046 3084 2337 3150 rationes
2382 3083 2623 3167 variae,
2655 3084 2818 3151 satis
2867 3106 2970 3152 re-

860 3195 898 3228 “
942 3191 1139 3256 aliter
1182 3188 1661 3270 concludentes,
1690 3207 1891 3272 quam
1938 3185 2183 3251 vitiosa
2228 3185 2693 3273 virulentaque
2739 3187 2967 3254 fuerat

859 3301 893 3328 “
938 3293 1289 3381 saepedicta
1315 3289 1626 3368 conditio,
1656 3309 1989 3375 quamque
2011 3286 2428 3375 derogatoria
2456 3309 2715 3356 coronae
2746 3290 2965 3377 regiae,

857 3403 896 3433 “
940 3418 1017 3461 ac
1060 3396 1345 3482 insuper,
1405 3390 1831 3479 impossibilis
1881 3390 1954 3455 in
2013 3411 2251 3477 genere
2299 3411 2436 3472 suo,
2485 3396 2696 3457 restat
2754 3392 2973 3457 adhuc

860 3504 898 3534 “
942 3498 1143 3563 tertio
1190 3494 1580 3585 persuadere
1623 3493 1921 3573 ulterius,
1952 3513 2071 3579 per
2117 3491 2408 3563 rationes
2456 3493 2621 3559 alias
2683 3492 2969 3559 inevita-

860 3605 898 3635 “
942 3598 1172 3664 biliter
1247 3596 1728 3677 concludenteS,
1792 3594 2117 3681 quomodo
2177 3594 2305 3682 ipsi
2365 3615 2592 3660 omnes
2649 3594 2971 3663 videntur

860 3706 897 3737 “
942 3721 1132 3788 agere
1163 3703 1394 3765 contra
1423 3698 1905 3778 conscientiam,
1939 3701 2025 3774 et,
2055 3717 2143 3761 ex
2171 3697 2599 3784 consequenti
2642 3697 2969 3764 aedificare

859 3808 897 3838 “
940 3801 1026 3867 ad
1072 3801 1460 3889 gehennam,
1508 3801 1626 3886 qui
1673 3802 2030 3886 procurant
2081 3798 2439 3864 clausulam
2488 3798 2662 3865 hanc
2694 3799 2966 3887 impiam

859 3909 897 3939 “
941 3903 1187 3991 apponi
1215 3903 1289 3968 in
1318 3901 1730 3969 concessione
1762 3900 2186 3968 decimarum.
2277 3900 2369 3967 Et
2418 3906 2522 3966 est
2560 3900 2778 3988 prima
2820 3923 2969 3968 mea

858 4013 897 4044 “
940 4006 1113 4073 ratio
1171 4003 1555 4074 talia—Ille
1614 4003 1884 4069 videtur
1943 4024 2138 4089 agere
2198 4007 2437 4069 contra
2474 4002 2964 4084 conscientiam,

859 4115 894 4146 “
939 4114 1009 4176 et
1059 4129 1178 4196 per
1223 4126 1623 4194 consequens
1673 4105 2004 4173 aediflcare
2054 4105 2143 4171 ad
2188 4104 2577 4192 gehennam,
2609 4106 2727 4192 qui
2754 4104 2968 4193 legem

857 4218 895 4248 “
939 4212 1235 4298 iniquam
1318 4215 1595 4276 conatur
1675 4207 1973 4289 condere,
2068 4207 2475 4295 scribereque
2550 4207 2974 4293 injustitiam,

856 4317 892 4349 “
939 4317 1269 4399 quatenus
1324 4312 1399 4376 in
1448 4310 1707 4397 judicio
1767 4308 2222 4375 innocentiam
2282 4308 2971 4397 oppressare—Patet

857 4421 894 4451 “
938 4414 1013 4481 id
1062 4435 1384 4503 expresse,
1439 4434 1524 4479 ex
1570 4410 1903 4478 sententia
1951 4409 2330 4498 Scripturae,
2376 4410 2599 4477 Ysaiae
2646 4411 2968 4493 Decimo;

855 4523 893 4556 “
937 4515 964 4556 ²
981 4517 1099 4584 sed
1155 4517 1250 4584 sic
1294 4520 1437 4583 tam
1488 4514 1768 4583 condere
1814 4534 2017 4602 quam
2064 4513 2343 4582 scribere
2389 4519 2668 4581 conatur
2724 4513 2970 4602 praesul

920 4761 938 4795 ι
964 4762 1057 4812 set
1075 4761 1130 4814 in
1152 4761 1269 4817 us.
1904 4760 1918 4831 ι
2029 4760 2051 4796 2
2071 4762 2352 4828 memet,
2373 4761 2425 4814 in
2445 4761 2561 4817 us.
