3467 5717
1355 897 1598 951 mol-1
1641 898 1914 952 Ansam,
2556 886 2686 953 329

675 1086 1229 1176 Comparentibus
1258 1108 1415 1176 ergo
1450 1087 1755 1174 pluribus
1801 1089 2032 1154 contra
2071 1108 2294 1165 unum,
2324 1108 2586 1173 unoque
2614 1087 2688 1151 in
2712 1099 2852 1152 ΛΔ).
2881 1106 3023 1153 1433.

584 1213 784 1257 causa
830 1191 1138 1257 veritatis
1186 1190 1503 1257 audacter
1553 1196 1787 1257 contra
1839 1190 2076 1278 plures,
2126 1195 2468 1277 coeperunt
2495 1189 2690 1278 legis-

585 1293 785 1380 periti
814 1293 975 1361 hinc
1001 1293 1178 1372 inde,
1197 1293 1404 1380 juxta
1430 1292 1944 1380 assignationem
1974 1293 2407 1372 Thesaurarii,
2440 1293 2652 1360 dicere
2677 1318 2693 1374 ;
2716 1306 2826 1357 The
2847 1307 3017 1372 points

585 1395 706 1477 illi,
751 1395 1081 1478 videlicet,
1129 1396 1246 1484 qui
1290 1401 1480 1463 erant
1531 1418 1616 1462 ex
1661 1401 1848 1483 parte
1910 1395 2185 1462 Domini
2231 1396 2690 1476 Norwicensis,
2716 1375 3013 1505 ξζζίζζᾱξξθ

585 1498 660 1563 in
706 1498 1226 1565 annullationem
1268 1499 1477 1564 totius
1537 1519 1893 1586 processus,
1939 1502 2025 1578 et,
2073 1498 2259 1584 quasi
2322 1519 2690 1585 processum
2718 1506 2935 1585 lawyers
2954 1522 3022 1556 on

586 1600 817 1667 fuisset
860 1601 934 1665 in
976 1600 1218 1688 placito
1261 1599 1482 1665 minus
1516 1599 1819 1686 juridice,
1868 1604 2078 1665 totam
2133 1621 2395 1665 causam
2447 1600 2689 1665 iterum
2717 1574 2878 1625 uther
2898 1574 3020 1624 '¹⁶¹⁰‘

586 1703 1096 1790 replacitandam
1140 1703 1591 1789 repostulare3
1639 1702 1772 1784 isti,
1818 1701 2146 1782 videlicet,
2196 1704 2309 1788 qui
2352 1708 2546 1768 erant
2608 1724 2691 1768 ex

586 1810 771 1892 parte
814 1805 1115 1886 Abbatis,
1162 1805 1234 1870 in
1279 1803 1827 1893 improbationem
1872 1803 2273 1870 conditionis
2317 1803 2693 1892 praejudici-

585 1905 724 1987 alis,
756 1929 832 1973 ac
860 1907 947 1973 ad
991 1907 1405 1996 probandum
1450 1907 1781 1993 quomodo
1826 1911 2043 1972 totum
2091 1906 2163 1972 id
2209 1908 2387 1993 quod
2415 1907 2488 1972 in
2520 1906 2693 1973 Con-

583 2008 796 2076 vocati
803 2031 926 2074 one
969 2008 1221 2076 factum
1283 2009 1520 2090 fuerat,
1566 2009 1817 2076 factum
1879 2013 2022 2074 erat
2085 2012 2407 2095 tanquam
2473 2031 2691 2075 coram

583 2133 718 2176 non
765 2133 884 2177 suo
920 2111 1188 2198 judice3
1253 2116 1324 2177 et
1389 2116 1737 2199 propterea
1790 2111 2039 2176 nullius
2082 2132 2220 2177 esse
2264 2110 2514 2177 roboris
2573 2115 2694 2176 aut

584 2212 838 2301 vigoris
903 2214 978 2278 in
1046 2236 1165 2279 sua
1229 2213 1388 2301 lege.
1478 2214 1753 2280 Auditis
1814 2214 2047 2300 utique
2090 2213 2294 2280 variis
2355 2235 2475 2302 per
2531 2213 2693 2279 satis
2716 2230 2824 2281 The
2848 2231 2970 2281 lav-

586 2315 878 2382 notabile
923 2321 1204 2403 tempuS,
1240 2315 1447 2401 jussit
1495 2314 1765 2381 tandem
1810 2315 1998 2402 regni
2043 2315 2511 2382 Thesaurarius
2556 2337 2696 2382 om·
2717 2311 2939 2415 {ffiffi
2950 2372 3001 2415 to

585 2439 701 2482 nes
746 2417 1160 2504 legisperitos
1225 2417 1562 2499 recedere3
1623 2439 1956 2484 remanere
2031 2423 2255 2485 tamen
2323 2423 2560 2507 partes
2607 2418 2694 2483 ad
2719 2430 2993 2483 withdraw.

583 2519 987 2585 audiendum
1051 2519 1212 2606 quid
1271 2518 1532 2605 judices
1593 2519 1839 2586 dicturi
1887 2526 2101 2587 essent
2146 2542 2264 2607 pro
2310 2519 2495 2585 finali
2553 2519 2695 2585 litis

585 2621 930 2688 decisione.

586 2890 966 2981 Replicatio
1009 2891 1033 2931 ¹
1053 2891 1567 2980 Archicpiscopi
1605 2891 2045 2959 Eboracenezs
2087 2899 2326 2961 contra
2354 2892 2689 2961 Abbatcm.

677 3031 1161 3098 Recedentibus
1250 3032 1495 3119 quippe
1583 3030 1994 3119 legisperitis,
2069 3032 2273 3120 coepit
2363 3033 2693 3099 Dominus
2718 3052 2768 3103 A
2920 3060 3032 3105 enta

586 3134 1131 3221 Archiepiscopus
1175 3133 1628 3211 Eboracemis,
1673 3133 1781 3199 vir
1839 3133 2162 3200 facundus
2222 3134 2499 3221 eloqui0,
2544 3156 2693 3222 pro-
2719 3120 2878 3237 (ἴως’

587 3236 956 3323 fundusque
1016 3258 1334 3318 sermone,
1381 3235 1698 3324 replicare
1762 3240 1996 3302 contra.
2061 3236 2398 3302 Abbatem
2461 3237 2688 3303 Sancti
2716 3213 2900 3318 biano}
2923 3252 2982 3303 of

586 3338 851 3419 Albani,
898 3338 1110 3427 primo
1155 3339 1279 3405 sub
1325 3339 1448 3404 tali
1491 3337 1846 3404 verborum
1892 3339 2055 3404 serie
2084 3362 2194 3402 :—
2719 3318 2917 3436 Y⁰¹kat
2938 3386 3024 3437 the

676 3448 714 3477 u
742 3440 1095 3508 Confrater
1139 3441 1252 3523 mi,
1284 3442 1483 3507 Abba
1513 3441 1746 3508 Sancti
1775 3441 2407 3528 Albani.-—Tripliei
2440 3443 2694 3508 motivo
2719 3400 2910 3504 ffiot,

589 3550 624 3578 “
672 3542 933 3610 ostendi
997 3544 1259 3630 poterit,
1305 3564 1506 3630 quare
1572 3549 1871 3610 vestrum
1935 3542 2228 3609 Priorem
2281 3534 2694 3611 collectorem
2966 3576 2973 3583 ·

590 3652 626 3680 ‘⁴
673 3645 1073 3711 decimarum
1139 3646 1221 3711 de
1286 3647 1674 3712 necessitate
1737 3667 1877 3712 esse
1944 3646 2292 3733 oportebit.
2397 3647 2690 3714 Primum

588 3754 626 3783 “
672 3748 996 3814 motivum
1064 3753 1167 3813 est
1233 3748 1525 3816 istud.—
1536 3749 1682 3814 Rex
1727 3770 1862 3815 non
1916 3755 2136 3838 potest
2202 3749 2288 3815 ab
2357 3751 2695 3839 Episcopis

587 3856 623 3885 “
668 3849 849 3914 illam
894 3849 1268 3915 libertatern
1318 3850 1564 3932 tollere,
1612 3874 1811 3938 quam
1856 3851 1955 3916 illi
2008 3857 2375 3918 noscuntur
2420 3854 2696 3920 haeredi-

588 3959 624 3988 “
669 3952 856 4034 tarie,
901 3960 982 4018 ut
1025 3952 1097 4017 in
1153 3953 1306 4038 jure
1357 3974 1495 4019 suae
1538 3953 1841 4030 ecclesiae,
1892 3954 2262 4040 possidere:
2311 3953 2339 3991 ⁹
2361 3955 2474 4020 sed
2536 3956 2694 4042 Epi-

590 4060 627 4090 “
672 4055 851 4142 scopi
881 4075 1106 4120 omnes
1134 4054 1576 4134 haereditarie,
1608 4062 1690 4121 ut
1732 4057 1804 4120 in
1841 4056 1993 4142 jure
2024 4077 2164 4121 suae
2193 4055 2494 4136 ecclesiae,
2529 4057 2697 4124 hanc

591 4162 626 4192 “
672 4155 1052 4222 libertatem
1128 4157 1489 4244 possident,
1565 4158 1745 4244 quod
1811 4178 2037 4223 omnes
2097 4158 2184 4222 ad
2259 4159 2694 4246 colligendum

591 4263 628 4293 “
671 4256 928 4323 habiles
990 4263 1060 4325 et
1120 4256 1435 4325 ³idoneos
1480 4258 1654 4324 infra
1697 4281 1851 4325 suas
1896 4257 2268 4327 ⁴Dioeceses
2340 4261 2698 4329 existentes

590 4366 627 4397 “
672 4359 1048 4427 collectores
1093 4361 1496 4449 decimarum
1542 4361 2002 4428 indifferenter
2047 4363 2369 4450 deputare
2413 4371 2696 4452 possent.

585 4470 620 4500 “
668 4464 860 4553 ErgO,

655 4670 672 4704 ¹
696 4671 835 4723 John
873 4670 1058 4734 Kemp,
1096 4668 1385 4721 afterwards
1424 4668 1593 4719 Arch-
1761 4667 1784 4700 ³
1800 4667 2008 4731 ydoneos
2031 4669 2084 4720 in
2107 4670 2220 4720 MS.

586 4748 773 4878 ¹³³2th}
793 4748 856 4879 g
871 4748 1207 4878 {agites-bury.
1767 4745 1787 4779 ⁴
1810 4745 2051 4801 Diocem
2071 4745 2125 4797 in
2146 4746 2260 4799 MS.
