3467 5717
1430 831 1676 885 men
1718 834 1996 888 sumu.
2642 832 2767 895 165

658 1022 693 1051 “
735 1019 980 1082 nostrae
1009 1017 1382 1083 voluntatis
1409 1024 1479 1084 et
1506 1022 1946 1107 concessionis
1973 1022 2345 1112 infringere,
2369 1027 2475 1093 vel
2505 1029 2566 1095 ei
2593 1051 2761 1098 ausu
2786 1040 2924 1094 ΑΔ).
2953 1046 3091 1098 1423.

654 1123 690 1152 “
735 1117 1090 1184 temerario
1151 1119 1497 1187 contraire.
1590 1120 1667 1188 Si
1711 1123 1863 1210 quis
1929 1129 2155 1191 autem
2215 1132 2548 1196 attentare
2592 1153 2760 1219 pree*

652 1224 689 1253 ‘⁶
733 1219 1105 1306 sumpserit,
1150 1219 1681 1308 indignationem
1729 1223 2229 1312 Omnipotentis
2273 1228 2419 1310 Dei,
2472 1238 2541 1298 et
2593 1233 2760 1301 Bea-

650 1323 687 1406 ‘.‘
733 1325 957 1385 torum
1001 1321 1186 1388 Petri
1245 1326 1317 1388 et
1376 1323 1587 1406 Pauli,
1634 1324 2111 1412 Apostolorum
2156 1328 2315 1415 ejus,
2360 1352 2432 1397 se
2495 1337 2760 1404 noverit

650 1428 687 1509 ‘.‘
733 1421 1167 1490 incursurum.
1280 1423 1535 1490 Datum
1581 1426 1832 1505 Romae,
1875 1429 2056 1516 apud
2110 1431 2423 1498 Sanctam
2470 1435 2756 1504 Mariam

649 1530 706 1609 ‘.‘'
739 1523 1074 1610 Majwem,
1143 1530 1378 1592 octavo
1438 1525 1779 1594 Kalendas
1840 1530 2258 1615 Novembris,
2315 1534 2754 1606 Pontificatus

647 1630 688 1678 c‘
732 1627 946 1693 nostri
991 1648 1163 1693 anno
1205 1627 1447 1695 sext0.’'

839 1848 1327 1918 Ordwwtioms
1369 1850 1509 1919 eive
1552 1853 1834 1921 Decreta
1881 1855 2176 1923 concilii
2217 1857 2555 1930 Senensis.

726 1987 886 2054 Post
931 1988 1168 2054 harum
1211 1987 1562 2054 Bullarum
1620 1990 1962 2070 cessiones,
2006 2014 2340 2082 novasque
2401 2019 2478 2063 ac
2538 2000 2747 2090 magis
2769 2008 2879 2061 The
2905 2010 3081 2063 Abbot

636 2089 960 2174 gratiosas
1002 2089 1076 2155 in
1121 2112 1201 2155 ea
1241 2095 1434 2176 parte
1493 2091 1865 2179 signaturas
1910 2092 2191 2174 habitas,
2238 2097 2565 2166 valedixit
2608 2103 2746 2168 Ab·
2771 2084 2971 2196 Ξζᾞ
2988 2089 3043 2130 ‘⁰

639 2184 759 2255 bas
806 2190 1044 2271 Curiae,
1091 2191 1319 2257 urbem
1380 2213 1818 2280 magnamque
1878 2194 2193 2277 salutans,
2240 2218 2432 2265 suum
2484 2202 2749 2270 reflexit

639 2292 787 2373 iter,
821 2298 890 2359 et
934 2293 1201 2359 recessit
1234 2315 1462 2359 versus
1505 2293 1728 2361 Senes.
1821 2293 1968 2375 Quo
2014 2318 2163 2362 cum
2207 2302 2629 2385 pervenisset,
2676 2312 2747 2371 et

638 2394 982 2480 quaesisset
1041 2395 1202 2481 quid
1265 2400 1416 2481 post
1479 2394 1621 2481 ejus
1679 2415 2007 2461 recessum
2052 2397 2125 2463 in
2169 2399 2467 2467 Concilio
2520 2410 2743 2473 actum

636 2500 823 2577 esset,
856 2496 1293 2583 nunquidque
1337 2495 1593 2583 aliquid
1637 2496 1931 2577 obvium,
1975 2504 2096 2565 aut
2124 2507 2359 2568 contra
2402 2506 2740 2573 nationem

635 2603 756 2663 aut
824 2597 1165 2676 Ordinem,
1211 2597 1446 2665 fuisset
1512 2621 1631 2686 per
1698 2599 1879 2666 viros
1939 2600 2088 2687 plus
2148 2602 2373 2669 debito
2424 2607 2738 2675 sollicitos

634 2704 1057 2781 attentatum,
1104 2701 1335 2766 statim
1380 2700 1669 2767 dabatur
1710 2701 1838 2767 sibi
1882 2702 1956 2767 in
2000 2706 2325 2791 responsis
2378 2706 2550 2772 nihil
2596 2730 2735 2775 om-

633 2800 791 2867 nino
836 2806 1029 2867 tanto
1074 2807 1370 2889 tempore
1415 2806 1775 2868 tractatum
1807 2808 1929 2868 aut
1971 2802 2259 2871 decisum
2304 2806 2523 2875 fuisse
2557 2812 2736 2897 quod

633 2903 871 2969 merito
929 2904 1150 2969 notari
1209 2902 1487 2984 habeat,¹
1544 2909 1786 2992 praeter
1849 2903 1920 2970 id
1994 2907 2172 2992 quod
2230 2912 2453 2975 actum
2514 2910 2733 2979 fuerat

632 3005 801 3071 circo
844 3005 1238 3073 decisionem
1283 3011 1572 3093 quatuor
1613 3006 2109 3090 Articulorum3
2153 3031 2433 3096 quorum
2476 3014 2731 3100 copiam

633 3105 742 3171 vir
787 3106 881 3173 sic
923 3107 1325 3196 respondens
1368 3108 1440 3172 in
1487 3108 1753 3175 scedula
1796 3109 2259 3178 exhibebat.—

1032 3333 1286 3402 Prima
1333 3334 1707 3403 Ordinatio
1759 3333 2055 3403 Concilii
2097 3335 2433 3403 Senensis.

721 3479 757 3508 “
779 3472 1209 3539 sacrosancta
1255 3470 1272 3509 ¹
1297 3472 1611 3559 Synodus
1641 3472 1950 3540 Senensis
1980 3471 2338 3552 Generalis,
2369 3471 2442 3537 in
2474 3471 2731 3560 Spiritu
2756 3486 2893 3539 Fiat
2917 3490 3011 3541 Or-

624 3582 660 3610 “
704 3575 950 3641 Sancto
1025 3574 1321 3662 legitime
1396 3578 1811 3663 congregata,
1865 3573 2302 3639 universalem
2370 3574 2729 3640 Ecclesiam
2751 3552 2973 3673 3ξὲᾚῇ

626 3684 662 3712 “
709 3681 1204 3763 repraesentans,
1236 3676 1751 3763 praesidentibus
1779 3677 1848 3741 in
1882 3698 1961 3742 ea
1991 3676 2188 3742 Petro
2218 3675 2725 3765 Archiepiscopo
2750 3686 2837 3737 the
2851 3688 3065 3766 (jonaeil

626 3784 662 3813 “
710 3777 1028 3857 Cretensi,
1091 3777 1139 3843 J
1140 3779 1341 3844 acobo
1402 3779 1721 3866 Episcopo
1790 3778 2153 3866 Spolitano,
2216 3779 2414 3845 Petro
2458 3778 2725 3847 Abbate
2749 3754 2813 3804 ⁰¹⁵
2827 3754 3032 3807 sionna.

625 3886 661 3915 “
706 3880 789 3944 de
836 3879 1129 3960 Rosatio,
1176 3880 1629 3968 Aquiligensis
1675 3878 2011 3961 Dioecesis,
2057 3884 2128 3946 et
2172 3880 2530 3961 Leonardo,
2580 3882 2723 3947 Ma·

620 3988 657 4018 “
700 3981 910 4067 gistro
984 3989 1055 4048 et
1131 3980 1439 4048 Generali
1500 3981 1771 4049 Ordinis
1832 3980 2365 4059 Praedicatorum,
2438 3981 2723 4047 Nunciis

621 4090 659 4118 “
703 4083 1102 4150 sanctissimi
1173 4084 1247 4149 in
1324 4080 1590 4150 Christo
1663 4083 1878 4171 patris
1961 4089 2031 4148 et
2104 4080 2375 4159 domini,
2457 4080 2726 4149 Domini

621 4193 657 4221 “
704 4185 979 4252 Martini
1027 4185 1283 4268 Quinti,
1329 4186 1510 4252 unici
1554 4190 1628 4252 et
1655 4184 2022 4251 indubitati
2066 4176 2327 4250 Summi
2368 4182 2723 4263 Pontificis,

620 4293 653 4322 “
699 4287 1068 4373 specialiter
1109 4287 1486 4376 deputatis3
1546 4286 1885 4375 ipsiusque
1926 4286 2458 4353 reformationem
2504 4285 2724 4352 inten-

619 4395 654 4421 “
700 4389 880 4471 denS,
908 4389 1231 4478 incipiens
1261 4410 1303 4455 a
1345 4389 1504 4455 fidei
1546 4388 1995 4467 fundamento,
2023 4391 2264 4476 praeter
2307 4388 2484 4473 quod
2528 4409 2723 4453 nemo

621 4495 657 4524 “
703 4495 925 4577 potest
952 4491 1139 4557 aliud
1183 4512 1445 4579 ponere,
1493 4488 1520 4529 ²
1539 4490 2032 4557 damnationem
2060 4487 2412 4555 haeresium
2456 4488 2720 4573 Wycle-

683 4749 696 4779 ¹
728 4748 945 4799 Simodus
966 4750 1021 4800 in
1043 4749 1158 4807 MS.
1653 4748 1666 4817 Ι
1762 4748 1784 4781 2
1807 4746 2194 4812 dampnationem
2215 4744 2269 4795 in
2291 4745 2402 4805 MS.
