3467 5717
784 799 916 867 298
1437 809 1754 865 ANNALss
1797 805 2226 865 MONASTERII

433 1019 743 1075 A.n.l⁴30,l.
783 1004 819 1039 “
870 998 1161 1067 alterum
1225 996 1557 1065 talentum
1627 992 2051 1061 Dominicum
2074 1017 2091 1075 ;
2153 1013 2289 1059 non
2348 997 2449 1063 est
2492 993 2720 1082 igitur,
2767 995 2895 1062 sub

782 1110 817 1137 “
862 1122 1067 1189 poena.
1125 1099 1512 1176 amissionis,
1558 1097 1669 1169 vel
1713 1094 2249 1167 abscondendum
2293 1096 2368 1165 in
2410 1100 2606 1176 terra,
2651 1098 2762 1165 vel
2805 1100 2896 1164 ad

781 1212 812 1238 “
859 1205 1146 1269 alterum
1193 1223 1391 1287 quam
1427 1202 1572 1289 jam
1619 1199 1866 1267 dicitur
1908 1220 2102 1267 usum
2144 1198 2637 1287 quomodolibet
2679 1202 2894 1290 appli-

783 1314 815 1341 “
862 1306 1167 1379 candum.
2423 1352 2428 1357 0

872 1415 907 1451 “
938 1409 1109 1475 Tum
1138 1406 1596 1493 sext0,—quia
1616 1404 1784 1473 dans
1819 1405 2253 1492 possessiones
2283 1405 2540 1493 aliquas
2563 1404 2890 1487 Ecclesiae,

780 1519 817 1547 “
863 1512 1045 1579 licite
1090 1515 1309 1598 potest
1352 1510 1435 1577 de
1479 1510 1623 1596 lege
1668 1507 1860 1594 regni
1905 1529 2013 1573 eas
2072 1529 2297 1573 rursus
2339 1513 2651 1594 repetere,
2699 1509 2757 1574 si
2802 1508 2889 1574 ad

779 1625 811 1652 “
856 1635 1050 1683 usum
1113 1613 1399 1683 alterum
1463 1632 1662 1698 quam
1726 1610 1868 1697 ipse
1936 1609 2351 1696 disposuerit,
2415 1608 2666 1677 fuerint
2736 1615 2888 1699 post

780 1728 815 1757 “
869 1719 1298 1787 donationem
1326 1717 1691 1805 applicatae.
1783 1716 1897 1783 Sic
1940 1715 2119 1784 enim
2150 1715 2366 1782 nostri
2397 1715 2611 1803 Reges
2656 1717 2890 1782 confis-

780 1832 815 1859 “
861 1828 1095 1890 carunt
1139 1844 1243 1889 res
1273 1821 1711 1908 quamplures,
1744 1818 2322 1905 confiscabuntque
2368 1816 2488 1883 1in
2532 1823 2886 1904 posterum.

781 1933 817 1961 “
865 1926 1002 1993 Det
1046 1925 1231 1993 Deus
1291 1924 1403 1993 ille
1450 1923 1907 2009 Omnipotens,
1952 1943 1995 1986 a
2040 1942 2173 2008 quo
2231 1920 2406 1987 bona
2449 1928 2686 1988 cuncta
2735 1943 2888 2010 pro·

784 2035 819 2065 “
866 2029 1127 2109 cedunt,
1179 2026 1357 2113 quod
1400 2047 1820 2112 nequaquam
1869 2024 2116 2091 habeat
2159 2024 2300 2111 ipse
2343 2023 2566 2104 etiam,
2611 2030 2887 2112 propter

785 2138 819 2167 “
869 2135 1166 2199 vestrum
1210 2130 1511 2211 abusum,
1544 2149 1811 2197 causam
1857 2125 1974 2193 seu
2022 2126 2426 2195 occasionem
2469 2127 2648 2193 bona
2692 2128 2886 2205 dicta,

782 2244 820 2375 Z
860 2256 980 2351 per
1024 2232 1564 2402 ευαωὸξταᾱζὶαω,
1617 2230 1843 2399 potiuds
1873 2250 2097 2398 ἓξὲξ
2123 2250 2268 2346 ‘per
2318 2228 2886 2399 ffiramajlndus-

783 2447 818 2481 u
865 2342 1308 2506 ffihxpnis
1422 2340 1512 2413 ta,
1546 2354 1786 2419 quomo
1835 2354 1874 2398 o
2116 2354 2191 2397 m
2220 2352 2339 2425 pos
2490 2353 2559 2401 m
2733 2353 2887 2397 con-

439 2549 629 2601 Versee
870 2541 963 2607 Et
1005 2546 1157 2629 post
1200 2540 1371 2607 hanc
1414 2538 1840 2625 adoptionem
1888 2536 2174 2619 brevem,
2222 2542 2301 2603 ut
2345 2536 2606 2623 singula
2648 2536 2885 2604 fortius

440 2616 714 2746 ξζῐῗξζεθᾱ
780 2643 1089 2731 infigeret
1149 2664 1378 2710 eorum
1437 2639 1791 2724 memoriis,
1839 2638 2082 2726 adjecit
2128 2639 2413 2709 ulterius
2457 2640 2724 2709 metrice
2767 2661 2884 2728 per

438 2749 702 2865 ssgbs‘ffbffn
776 2747 956 2815 hunc
999 2745 1374 2813 modum.—

433 2882 551 2946 Jeet.
869 2856 905 2885 “
950 2850 999 2916 J
1002 2872 1109 2915 am
1154 2848 1385 2930 videat
1429 2849 1652 2925 frater,
1696 2850 1918 2912 custos
1964 2845 2186 2923 fuerit,
2229 2867 2310 2911 ve
2353 2845 2680 2932 magister,

872 2959 907 2988 “
953 2951 1097 3017 Aut
1140 2951 1338 3039 prior,
1383 2955 1503 3015 aut
1549 2954 1791 3035 pastor,
1841 2955 1963 3014 aut
2007 2946 2230 3034 quivis
2270 2947 2574 3013 subditus
2617 2947 2802 3027 alter,

872 3060 906 3095 “
955 3054 1134 3135 Quid
1179 3052 1376 3120 modo
1420 3053 1511 3119 sit
1556 3053 1891 3141 scriptum,
1924 3072 2056 3137 qua
2101 3049 2193 3118 sit
2227 3071 2485 3137 quoque
2529 3049 2674 3138 lege
2716 3049 2881 3137 liga-

963 3164 998 3193 “
1046 3161 1232 3237 tum3

870 3267 906 3296 “
952 3257 1045 3326 Et
1089 3260 1257 3326 bene
1299 3260 1683 3346 praecaveat,
1731 3255 1893 3323 data
1936 3276 2021 3321 ne
2065 3276 2169 3321 res
2213 3255 2409 3323 irrita
2451 3256 2588 3323 fiat.

869 3369 903 3397 “
950 3362 1199 3429 Incidit
1259 3361 1333 3426 in
1391 3361 1699 3446 laqueum
1762 3363 2222 3444 transgressor,
2269 3363 2338 3425 et
2384 3357 2458 3425 in
2515 3357 2542 3395 ²
2563 3357 2887 3446 Labyrin-

959 3472 993 3503 “
1040 3466 1250 3545 thum,

866 3578 900 3605 “
948 3568 1149 3635 Unde
1194 3565 1431 3652 nequit
1476 3565 1776 3651 regredi3
1822 3563 2128 3650 scopulus
2171 3562 2396 3653 gravis
2442 3563 2675 3630 obviat
2721 3563 2841 3630 illi.

871 3676 905 3703 “
954 3669 1225 3733 Fortius
1270 3672 1374 3732 est
1418 3668 1758 3755 scriptum,
1804 3687 1923 3753 per
1968 3666 2217 3752 Papam
2260 3666 2686 3747 ratificatum,

867 3777 915 3816 “·
950 3770 1167 3851 Quam
1210 3769 1414 3834 fuerit
1456 3768 1771 3849 vinclum,
1820 3767 2158 3854 triplicato
2202 3767 2361 3835 fune
2406 3767 2708 3855 ligatum,

871 3880 908 3911 ‘⁶
957 3871 1152 3952 Quod
1194 3871 1364 3939 bene
1409 3871 1467 3935 si
1510 3870 1762 3956 sapitis,
1799 3869 2000 3955 juvat
2046 3891 2272 3936 omnes
2316 3870 2409 3940 sic
2453 3872 2747 3958 sapiatis,

871 3981 907 4013 ‘⁴
953 3974 1057 4041 Ut
1103 3995 1251 4060 quae
1296 3972 1644 4058 suscipitis,
1690 3971 1766 4041 in
1808 3971 2098 4059 idipsum
2142 3971 2530 4058 suscipiatis.

873 4084 908 4113 “
954 4077 1129 4144 Sunt
1173 4076 1301 4163 pis,
1347 4078 1508 4141 sunt
1550 4073 1809 4161 placita,
1842 4079 2001 4141 sunt
2031 4074 2288 4141 conscia
2330 4072 2838 4154 commoditatis,

870 4186 907 4219 “
953 4179 1131 4246 Sunt
1174 4199 1370 4258 nova,
1415 4176 1551 4243 sint
1596 4181 1841 4257 vetera,
1889 4176 2030 4242 sint
2073 4175 2295 4241 nescia
2343 4174 2752 4242 mobilitatis.

872 4288 907 4316 “
954 4280 1155 4359 Nam,
1176 4279 1235 4343 si
1278 4283 1460 4344 stent
1503 4278 1728 4357 solida,
1773 4299 1895 4342 nec
1940 4279 2025 4342 ab
2070 4277 2208 4342 ullo
2252 4276 2726 4355 mobilitentur,

875 4387 911 4415 “
958 4380 1085 4446 Tot
1128 4381 1372 4446 facient
1415 4379 1642 4444 valida
1685 4384 1849 4464 quot
1893 4378 2175 4460 habetis,
2223 4379 2280 4442 si
2324 4378 2704 4446 recitentur.

876 4488 911 4517 ‘⁴
959 4482 1047 4547 In
1090 4481 1375 4547 claustro
1419 4480 1591 4547 varii
1637 4484 1797 4546 sunt
1841 4479 2067 4546 taliter
2110 4480 2453 4568 ingeniati,

853 4757 869 4788 ¹
893 4759 1170 4822 imposta-um
1191 4757 1245 4806 in
1266 4757 1379 4810 MS.
1820 4754 1831 4821 Ι
1931 4753 1954 4787 ²
1972 4753 2329 4807 Labor-intanta
2351 4755 2404 4806 in
2424 4756 2535 4808 MS.
