3467 5717
1396 852 1748 903 APPENDIX
1801 837 1916 924 (c).
2575 843 2698 907 421

600 1035 947 1122 praemium
979 1038 1259 1106 virtutis
1290 1039 1676 1107 dinoscitur.
1769 1039 2019 1106 Paulus
2064 1039 2425 1127 Apostolus
2469 1043 2571 1107 ait
2597 1067 2701 1124 3—-

605 1136 687 1174 ¹“
733 1137 1038 1206 Christus
1082 1140 1296 1208 factus
1327 1147 1428 1208 est
1474 1142 1785 1208 obediens
1815 1163 2021 1228 usque
2067 1142 2152 1207 ad
2184 1150 2482 1224 mortem,
2529 1166 2702 1211 mor-

598 1247 634 1275 “
680 1245 817 1305 tem
893 1248 1117 1308 autem
1185 1244 1440 1326 crucis;
1505 1249 1779 1332 propter
1854 1245 2030 1330 quod
2105 1244 2292 1310 dedit
2357 1245 2460 1310 illi
2519 1247 2703 1312 Deus

601 1348 636 1378 “
680 1363 920 1408 nomen
978 1346 1154 1430 quod
1215 1350 1316 1412 est
1377 1368 1578 1434 supra
1623 1368 1818 1412 omne
1878 1368 2131 1425 nomen,
2182 1351 2262 1412 ut
2311 1347 2385 1412 in
2437 1348 2703 1413 nomine

603 1449 641 1478 “
687 1443 736 1509 J
738 1445 899 1511 besu
930 1467 1122 1512 omne
1152 1469 1331 1534 genu
1360 1449 1670 1514 flectatur
1715 1455 1776 1513 ct
1806 1454 2060 1527 coetera,
2105 1453 2174 1514 et
2215 1448 2429 1513 omnis
2472 1448 2705 1535 lingua

599 1551 635 1581 ‘⁶
681 1549 1095 1628 confiteatur,
1144 1551 1301 1636 quia.
1341 1551 1666 1616 Dominus
1711 1550 1759 1616 J
1763 1550 1959 1644 hesus
2023 1549 2328 1616 Christus
2373 1550 2447 1615 in
2491 1550 2705 1638 gloria

600 1654 639 1684 “
684 1654 784 1713 est
816 1650 945 1715 Dei
975 1651 1249 1718 Patris?
1320 1651 1411 1717 Et
1440 1673 1560 1717 nos
1590 1652 1817 1738 igitur,
1848 1657 1886 1686 “
1910 1649 2273 1716 Christiani
2298 1651 2334 1681 ''
2359 1674 2401 1715 a
2435 1650 2704 1717 Christo

597 1751 966 1836 specialiter
996 1752 1424 1832 denominati,
1457 1753 1698 1841 quibus
1729 1753 1916 1818 dedit
1946 1756 2348 1839 potestatem
2371 1751 2545 1817 filios
2569 1752 2701 1819 Dei

597 1852 756 1931 fieri,
788 1853 847 1917 si
893 1852 1159 1920 Christo
1205 1856 1663 1941 compatimur,
1707 1854 1970 1932 scilicet,
2018 1859 2088 1918 et
2125 1849 2412 1919 fideliter
2454 1855 2705 1921 vixeri-

595 1975 757 2031 muS,
790 1975 942 2018 cum
972 1955 1115 2040 ipso
1146 1956 1696 2044 conregnabimus
1727 1956 1802 2020 in
1830 1955 2044 2042 gloria.
2075 1954 2205 2020 Dei
2237 1954 2474 2035 Patris,
2502 1978 2698 2042 quam

596 2055 787 2120 nobis
844 2057 1164 2122 concedat
1210 2057 1343 2138 Qui
1390 2059 1532 2123 sine
1584 2059 1719 2123 fine
1760 2057 1938 2122 vivit
1995 2062 2064 2121 et
2123 2062 2377 2142 regnat.
2469 2058 2700 2122 Amen.

598 2156 692 2222 Et
736 2156 875 2223 haec
927 2180 1122 2223 causa
1169 2160 1489 2227 utilitatis
1536 2166 1605 2226 et
1651 2161 1925 2226 effectus
1967 2158 2266 2226 historiae
2312 2165 2382 2225 et
2423 2160 2702 2246 picturae

597 2264 1001 2345 praenetatae.

686 2362 847 2426 Alia
886 2383 1081 2427 causa
1125 2363 1633 2429 constructionis
1678 2364 1794 2449 huj
1803 2385 1879 2428 us
1931 2361 2168 2428 altaris
2214 2362 2469 2443 extitit,
2513 2365 2703 2429 resti—

595 2463 772 2528 tutio
818 2461 1161 2550 2pristinae
1194 2465 1567 2531 devotionis
1596 2470 1666 2532 et
1696 2466 1967 2531 honoris
2012 2464 2039 2502 ³
2062 2463 2468 2550 imaginibus
2500 2466 2702 2530 Sanc-

592 2570 808 2631 torum
846 2566 1189 2632 Laurentii
1218 2573 1288 2632 et
1319 2567 1733 2649 Grumbaldi,
1770 2567 1850 2633 de
1885 2566 2157 2652 Capella,
2187 2565 2433 2631 veteris
2460 2563 2488 2602 ⁴
2512 2565 2700 2633 Elee-

596 2668 1008 2754 mosynariae‚
1038 2668 1112 2732 in
1141 2669 1623 2734 constructione
1655 2669 1921 2755 Magnae
1951 2667 2171 2732 Portae
2201 2673 2272 2732 et
2303 2667 2698 2735 Infirmariae

594 2791 786 2835 novae
819 2769 1222 2850 Monasterii‚
1269 2770 1718 2857 abjectorum3
1768 2770 1974 2856 juxta
2016 2768 2296 2834 formam
2346 2769 2696 2835 Constitu-

596 2870 801 2936 tionis
844 2871 1000 2937 inde
1046 2871 1380 2952 confectae,
1428 2873 1664 2938 amodo
1711 2871 2295 2953 honorandorum;
2340 2877 2423 2936 ut
2469 2892 2696 2936 eorum

592 2974 893 3059 precibus
939 2974 1172 3039 divina
1238 2974 1591 3039 clementia
1635 2973 1661 3011 ⁶
1678 2971 1986 3058 adjuva-ri
2031 2992 2416 3051 mereamur,
2463 2976 2533 3037 et
2578 2994 2698 3058 pro

592 3076 837 3141 eisdem
875 3076 1127 3163 jugiter
1157 3077 1592 3163 deprecemur,
1625 3074 1743 3161 qui
1773 3074 1928 3139 huic
1974 3073 2155 3159 operi
2186 3073 2269 3138 de
2314 3073 2449 3137 suis
2493 3074 2698 3139 facul-

592 3177 849 3258 tatibus
910 3176 1163 3263 aliquid
1210 3177 1681 3256 contulerunt3
1750 3196 2030 3262 quorum
2076 3173 2347 3239 nomina
2390 3179 2460 3240 et
2500 3197 2699 3261 opera,

593 3278 621 3318 ⁰
640 3280 1118 3366 subsequenter
1160 3282 1234 3346 in
1278 3279 1564 3368 quodam
1624 3278 1844 3343 rotulo
1891 3276 2206 3342 duximus
2266 3278 2697 3360 annotanda;

594 3388 664 3447 et
729 3383 1060 3469 praecipue
1122 3405 1240 3469 pro
1317 3382 1607 3469 ejusdem
1662 3357 1990 3446 willelmi
2053 3378 2557 3465 Wynturshille,
2629 3385 2700 3445 et

593 3484 866 3550 Domini
897 3485 1168 3551 Thomae
1203 3485 1602 3572 Howgtone‚
1633 3483 1734 3548 sui
1766 3481 1838 3546 in
1870 3480 2102 3546 ordine
2146 3480 2448 3561 consocii,
2478 3502 2696 3547 coram

594 3586 772 3651 dicto
819 3586 1014 3652 altari
1074 3586 1409 3668 tumulati,
1456 3585 1655 3670 hujus
1702 3584 1861 3649 olim
1923 3582 2309 3649 monasterii
2368 3581 2694 3663 Sacristae,

594 3710 874 3773 quorum
919 3688 1240 3754 beneficia
1284 3687 1448 3753 alias
1495 3686 1520 3724 ⁷
1541 3686 1989 3753 continentur.

686 3795 725 3824 “
756 3788 782 3828 ⁸
801 3789 993 3855 Inter
1022 3797 1256 3858 caetera
1285 3790 1555 3877 pietatis
1585 3810 1800 3875 opera,
1832 3807 1968 3851 non
1997 3785 2212 3852 solum
2256 3785 2692 3870 meritorium,

593 3898 633 3926 “
676 3890 704 3930 ⁹
720 3892 835 3957 sed
867 3893 1069 3957 etiam
1098 3892 1523 3979 praemiabile‚
1556 3891 1694 3957 fore
1725 3888 2095 3955 dinoscitur
2123 3888 2267 3953 loca
2297 3889 2692 3955 Sanctorum

595 4000 631 4031 ‘⁶
679 3994 904 4060 diruta
949 3999 1017 4061 et
1062 3995 1448 4062 devotiones
1478 3994 1760 4060 abolitas
1791 4013 1908 4057 suo
1939 3989 2228 4077 pristino
2258 3990 2470 4056 statui
2500 3992 2692 4056 resti-

594 4102 632 4133 “
676 4101 881 4179 tuere,
928 4119 1045 4164 seu
1087 4097 1162 4163 in
1205 4098 1445 4164 melius
1490 4096 1858 4163 reformare.
1953 4092 2125 4160 Cum
2170 4091 2382 4180 igitur
2428 4091 2695 4180 Capella

659 4387 678 4421 ¹
703 4385 1023 4457 Philippiam
1042 4390 1093 4442 ii.
1120 4397 1168 4453 8,
1192 4395 1238 4441 9.
1685 4391 1835 4440 3775.

659 4466 682 4499 ²
696 4469 926 4532 pistrina
945 4469 999 4519 in
1021 4469 1136 4521 MS.
1752 4465 1775 4505 ⁷
1796 4467 2065 4516 continetur
2084 4464 2139 4514 in
2161 4463 2275 4517 MS.

659 4546 683 4579 ³
699 4545 1006 4612 ymaginibus
1025 4547 1079 4599 in
1099 4549 1215 4601 MS.
1753 4545 1777 4579 ⁸
1801 4546 1927 4596 This
1951 4545 2239 4598 Ordinance
2261 4558 2440 4594 occurs
2462 4542 2610 4609 again
2633 4543 2690 4594 in

658 4621 680 4655 ⁴
702 4624 1067 4677 Elimimrioe
1089 4627 1141 4678 in
1161 4628 1274 4679 MS.
1686 4625 1800 4677 ΜΒ.
1825 4626 1969 4676 Harl.
1990 4624 2079 4674 fol.
2107 4626 2199 4674 137
2224 4623 2274 4683 b,
2308 4621 2430 4673 with
2464 4622 2550 4672 the
2581 4620 2690 4673 title

659 4703 678 4735 ὅ
703 4702 973 4768 acijuviari,
997 4708 1303 4772 apparently,
1327 4705 1378 4755 in
1399 4705 1512 4758 MS.
1695 4708 1726 4734 “
1754 4703 2018 4755 Ordinatio
2039 4701 2243 4752 Domini
2266 4699 2477 4751 Abantis
2497 4700 2557 4751 J.
2589 4699 2687 4763 W„

665 4781 685 4812 ⁶
707 4781 1055 4848 subsequentur
1108 4785 1161 4835 in
1215 4785 1330 4837 MS.
1434 4786 1599 4836 These
1687 4789 1717 4814 “
1742 4799 1872 4834 anno
1887 4782 2193 4848 praelaaonis
2213 4796 2316 4831 suoe
2337 4778 2554 4831 octavo.’'

594 4876 771 4913 names
793 4863 859 4912 do
882 4869 975 4914 not
1007 4878 1194 4930 appear
1225 4864 1280 4916 in
1314 4865 1426 4917 MS.
1453 4864 1597 4915 Harl.
1753 4862 1776 4896 ⁹
1797 4869 1874 4914 see
1891 4862 1945 4913 in
1965 4861 2078 4913 MS.
