3467 5717
1299 747 1545 800 smcn
1588 746 1866 799 Amml.
2493 728 2620 795 361

527 947 566 979 “
610 940 830 1020 dente,
905 959 1043 1025 ego,
1130 936 1180 1002 J
1181 937 1494 1016 ohannes,
1567 935 1800 1003 Abbas
1874 933 2168 1021 exempti
2242 931 2631 999 Monasterii
2652 936 2791 992 Aa).
2820 940 2961 987 14³³.

529 1048 568 1080 “
612 1041 844 1109 Sancti
872 1038 1142 1121 Albani,
1175 1039 1447 1107 Ordinis
1478 1038 1712 1106 Sancti
1750 1037 2117 1117 Benedicti,
2150 1034 2632 1102 Lincolniensis

530 1152 567 1181 “
611 1143 637 1184 ¹
653 1142 991 1224 Dioecesis,
1035 1141 1240 1207 salvis
1285 1138 1312 1180 ²
1328 1141 1495 1206 mihi
1539 1139 1966 1217 Monasterio,
2010 1138 2356 1219 Domibus,
2388 1136 2634 1202 Priori-

533 1254 569 1284 “
612 1246 756 1324 bue,
797 1245 1093 1332 personis
1150 1244 1333 1324 meis,
1381 1243 1935 1330 exemptionibus,
1981 1239 2365 1328 privilegiis,
2411 1244 2480 1306 et
2537 1239 2638 1304 in-

530 1355 568 1387 “
615 1347 835 1425 dultis‚
866 1352 1008 1413 tam
1036 1368 1156 1434 per
1184 1345 1636 1411 sanctissimos
1665 1345 2001 1410 Romanos
2032 1343 2404 1422 Pontifices,
2437 1364 2636 1427 quam

538 1459 570 1486 “
616 1472 735 1537 per
771 1449 961 1537 regni
992 1448 1254 1535 Angliae
1284 1446 1884 1514 Christianissimos
1914 1445 2269 1533 Principes,
2301 1445 2385 1511 ad
2419 1443 2636 1510 divini

537 1560 571 1588 “
617 1553 837 1618 cultus
884 1554 1330 1636 augmentum,
1375 1550 1710 1626 concessis,
1756 1549 1926 1627 dieo,
1970 1547 2203 1634 allego,
2248 1552 2317 1612 et
2375 1547 2451 1611 in
2509 1544 2639 1609 hiis

541 1661 577 1692 “
622 1652 885 1739 scriptis
949 1672 1261 1739 propono,
1330 1656 1705 1739 protestans
1772 1649 2051 1738 publice,
2113 1649 2353 1735 palam,
2399 1652 2470 1713 et
2529 1668 2643 1712 ex-

539 1764 576 1792 “
622 1776 856 1843 presse,
901 1753 1079 1843 quod
1123 1774 1243 1840 per
1287 1774 1503 1819 meam
1547 1753 1973 1840 personalem,
2019 1758 2140 1817 aut
2190 1750 2467 1837 alicujus
2512 1751 2643 1817 mei

542 1864 579 1894 “
624 1853 1085 1942 procuratoris,
1131 1875 1273 1920 com
1279 1854 1695 1941 paritionem,
1742 1858 1864 1919 aut
1912 1852 2136 1940 aliqua
2195 1874 2311 1940 per
2369 1874 2477 1945 me
2534 1852 2643 1918 vel

545 1964 580 1995 “
624 1958 843 2044 ipsum
890 1955 1086 2032 dicta,
1136 1955 1434 2037 dicenda,
1465 1977 1583 2022 seu
1626 1955 2072 2043 proponenda,
2102 1976 2239 2021 non
2282 1958 2384 2019 est
2428 1954 2648 2020 inten-

544 2068 580 2096 “
625 2059 831 2126 tionis
875 2078 1043 2122 meae
1088 2078 1130 2120 a
1171 2055 1372 2122 dictis
1414 2056 1967 2144 exemptionibus,
1980 2050 1997 2061 “
2014 2056 2398 2144 privilegiis,
2428 2061 2499 2121 et
2544 2056 2647 2120 in-

546 2169 586 2199 “
633 2160 860 2238 dultis,
927 2158 1363 2244 quovismodo
1428 2159 1742 2238 recedere,
1812 2156 1839 2198 ³
1861 2158 1977 2225 sed
2052 2158 2297 2224 eisdem
2371 2157 2652 2223 firmiter

548 2272 584 2301 “
629 2262 966 2328 inhaerere.
1058 2261 1151 2326 Et
1209 2261 1267 2325 si
1332 2260 1557 2347 aliqua
1599 2259 1885 2325 dixerim
1930 2261 2038 2325 vel
2081 2259 2362 2337 fecerim,
2407 2259 2655 2324 dixerit

551 2372 586 2402 ‘⁶
633 2363 741 2431 vel
785 2362 1014 2428 fecerit
1057 2369 1445 2449 procurator
1506 2383 1707 2441 meus,
1753 2384 1902 2449 quae
1960 2361 2273 2449 praesenti
2332 2365 2659 2448 protesta-

552 2473 589 2503 “
636 2464 808 2531 tioni
852 2484 1017 2530 meae
1062 2464 1465 2529 contrarium
1509 2485 1735 2551 sapere
1780 2463 2155 2543 videantur,
2197 2462 2349 2529 volo
2394 2467 2465 2528 et
2508 2484 2658 2550 pro-

552 2575 587 2606 “
631 2571 841 2633 testor
907 2565 1086 2650 quod
1151 2587 1271 2652 pro
1337 2587 1473 2631 non
1535 2566 1731 2632 dictis
1794 2570 1865 2632 et
1927 2587 2060 2631 non
2122 2565 2316 2631 factis
2390 2565 2661 2652 penitus

556 2678 596 2708 “
639 2670 1027 2736 habeantur.
1119 2666 1268 2734 Hac
1336 2668 1812 2754 protestatione
1875 2668 2230 2755 praemissa‚
2277 2668 2423 2734 dico
2482 2667 2662 2755 quod

560 2778 596 2808 “
640 2771 798 2836 licet
850 2767 1063 2855 major
1113 2790 1263 2855 pars
1322 2769 1481 2836 cleri
1539 2774 1783 2837 vestrae
1845 2768 2233 2836 Cantuariae
2292 2768 2660 2835 Provinciae

561 2881 595 2911 ‘⁶
639 2872 932 2959 aliquam
981 2868 1319 2949 decimam,
1365 2872 1814 2955 medietatem,
1847 2877 2170 2957 quartam,
2202 2892 2320 2938 seu
2372 2871 2663 2958 aliquam

564 2982 602 3011 “
647 2978 920 3061 quotam
980 2971 1295 3058 ejusdem,
1347 2975 1488 3040 sive
1548 2978 1892 3060 quantam,
1941 2973 2065 3038 sub
2124 2972 2457 3057 aliquibus
2514 2994 2666 3059 pro·

565 3082 604 3113 “
648 3074 1035 3155 visionibu8‚
1088 3074 1322 3155 modis,
1373 3075 1883 3153 conditionibus,
1931 3072 2182 3155 diebus,
2219 3078 2289 3139 et
2340 3074 2670 3161 exceptio-

568 3184 606 3214 “
650 3177 869 3255 nibus,
899 3175 1002 3256 ad,
1033 3175 1143 3241 vel
1187 3174 1278 3255 in,
1321 3176 1829 3243 subventionem
1863 3177 2332 3243 necessitatum
2376 3175 2668 3242 Serenis-

568 3288 604 3316 “
648 3279 802 3345 simi
873 3278 946 3342 in
1023 3275 1294 3345 Christo
1371 3278 1716 3367 Principis,
1788 3277 2061 3343 Domini
2152 3278 2363 3344 nostri
2453 3279 2671 3367 Regis,

567 3388 602 3418 “
648 3378 1060 3459 concesserit,
1135 3380 1314 3466 (quae
1390 3386 1618 3446 tamen
1687 3380 2035 3459 concessio,
2104 3379 2196 3446 sic
2273 3381 2670 3461 modificata,
2758 3459 2769 3465 ,

570 3491 607 3521 “
651 3483 681 3520 2
697 3482 883 3564 mihi,
916 3482 1336 3563 MonasteriO,
1369 3482 1711 3563 Domibus,
1745 3482 1963 3564 Cellis,
1995 3482 2354 3566 Prioribus,
2385 3506 2501 3550 seu
2530 3506 2674 3571 per-

573 3592 610 3622 “
653 3584 832 3651 sonis
883 3583 1047 3648 meis
1094 3585 1448 3671 praedictis,
1488 3584 1971 3672 praejudicialis,
2004 3589 2073 3651 et
2100 3585 2465 3675 privilegiis
2494 3587 2675 3665 meis»,

573 3695 610 3725 “
656 3710 698 3753 a
745 3685 1037 3751 Summis
1088 3685 1523 3753 Pontificibus
1572 3692 1641 3754 et
1692 3687 1880 3774 regni
1928 3687 2194 3774 Angliae
2249 3686 2676 3755 Christianis-

574 3798 613 3826 “
657 3788 842 3854 simis
888 3786 1305 3873 Principibus
1348 3788 1633 3856 indultis
1684 3787 1712 3827 ²
1728 3789 1894 3854 mihi
1936 3810 2013 3854 ac
2062 3789 2222 3855 locis
2271 3794 2340 3855 et
2384 3792 2680 3877 personis

574 3898 613 3930 “
658 3889 1008 3979 praedictis,
1048 3888 1467 3977 derogatoria
1512 3891 1928 3979 suspicatur),
1974 3890 2137 3978 ipsis
2180 3893 2681 3978 provisionibus,

580 4000 642 4029 “‘
662 3990 893 4073 modis,
948 3996 1017 4057 et
1068 3990 1578 4072 conditionibus,
1629 3994 1701 4057 in
1750 3996 2081 4078 quantum
2133 3992 2444 4078 derogare
2496 3993 2685 4058 vide-

582 4102 619 4132 “
665 4099 867 4159 antur
924 4092 1295 4179 privilegiis
1348 4095 1719 4175 antedictis,
1782 4092 2033 4171 saltem,
2094 4092 2314 4178 quoad
2362 4093 2683 4160 collectio-

582 4204 617 4233 “
661 4216 816 4260 nem
881 4194 1150 4261 decimae
1175 4262 1182 4269 ,
1211 4217 1289 4261 ae
1348 4196 1626 4261 aliarum
1688 4194 2300 4281 suprascriptarum,
2364 4217 2449 4260 ex
2507 4203 2690 4264 certa

585 4308 622 4336 ‘⁴
667 4297 958 4377 scientia,
1020 4299 1402 4365 contradico
1462 4304 1532 4365 et
1596 4297 1920 4365 dissentio
1986 4297 2223 4385 palam,
2288 4298 2561 4385 publice,
2621 4307 2692 4367 et

657 4557 1141 4611 ¹Dsocoeieinus.
1511 4552 1516 4557 “
1755 4556 2082 4609 Matiane.

658 4637 682 4670 ²
703 4635 850 4688 michi
870 4636 926 4687 in
949 4636 1062 4690 MS.
