<?xml version="1.0" encoding="UTF-8"?>
<!DOCTYPE html PUBLIC "-//W3C//DTD XHTML 1.0 Transitional//EN"
    "http://www.w3.org/TR/xhtml1/DTD/xhtml1-transitional.dtd">
<html xmlns="http://www.w3.org/1999/xhtml" xml:lang="en" lang="en">
 <head>
  <title>
</title>
<meta http-equiv="Content-Type" content="text/html;charset=utf-8" />
  <meta name='ocr-system' content='tesseract 3.04.00' />
  <meta name='ocr-capabilities' content='ocr_page ocr_carea ocr_par ocr_line ocrx_word'/>
</head>
<body>
  <div class='ocr_page' id='page_1' title='image "./annalesmonaster00unkngoog_0384.png"; bbox 0 0 3467 5717; ppageno 0'>
   <div class='ocr_carea' id='block_1_1' title="bbox 778 771 2225 836">
    <p class='ocr_par' dir='ltr' id='par_1_1' title="bbox 778 771 2225 836">
     <span class='ocr_line' id='line_1_1' title="bbox 778 771 2225 836; baseline -0.002 -2"><span class='ocrx_word' id='word_1_1' title='bbox 778 771 851 836; x_wconf 82' lang='grc'><strong>3]</strong></span> <span class='ocrx_word' id='word_1_2' title='bbox 868 773 906 833; x_wconf 88' lang='grc'>8</span> <span class='ocrx_word' id='word_1_3' title='bbox 1442 778 1760 832; x_wconf 69' lang='lat' dir='ltr'><strong>ANNALm</strong></span> <span class='ocrx_word' id='word_1_4' title='bbox 1802 776 2225 832; x_wconf 76' lang='lat' dir='ltr'><strong>MONAS&#39;I&#39;EBII</strong></span> 
     </span>
    </p>
   </div>
   <div class='ocr_carea' id='block_1_2' title="bbox 438 968 2884 2704">
    <p class='ocr_par' dir='ltr' id='par_1_2' title="bbox 438 968 2884 1987">
     <span class='ocr_line' id='line_1_2' title="bbox 438 968 2880 1059; baseline -0.001 -21"><span class='ocrx_word' id='word_1_5' title='bbox 438 971 807 1031; x_wconf 80' lang='lat' dir='ltr'><strong>A.D.1433,«</strong></span> <span class='ocrx_word' id='word_1_6' title='bbox 854 972 1194 1038; x_wconf 83' lang='lat' dir='ltr'>Prioribus</span> <span class='ocrx_word' id='word_1_7' title='bbox 1273 972 1605 1039; x_wconf 82' lang='lat' dir='ltr'><strong>Cellarum</strong></span> <span class='ocrx_word' id='word_1_8' title='bbox 1680 973 1895 1039; x_wconf 86' lang='lat' dir='ltr'><strong>eidem</strong></span> <span class='ocrx_word' id='word_1_9' title='bbox 1955 971 2358 1039; x_wconf 85' lang='lat' dir='ltr'><strong>monasterio</strong></span> <span class='ocrx_word' id='word_1_10' title='bbox 2415 968 2880 1059; x_wconf 74' lang='lat' dir='ltr'><strong>subiectarum,</strong></span> 
     </span>
     <span class='ocr_line' id='line_1_3' title="bbox 773 1076 2882 1162; baseline -0 -21"><span class='ocrx_word' id='word_1_11' title='bbox 773 1082 808 1111; x_wconf 92' lang='lat'><em>“</em></span> <span class='ocrx_word' id='word_1_12' title='bbox 854 1077 1031 1162; x_wconf 90' lang='lat' dir='ltr'><strong>quod</strong></span> <span class='ocrx_word' id='word_1_13' title='bbox 1074 1076 1280 1143; x_wconf 93' lang='lat' dir='ltr'><strong>iidem</strong></span> <span class='ocrx_word' id='word_1_14' title='bbox 1322 1077 1552 1143; x_wconf 85' lang='lat' dir='ltr'><strong>Abbas</strong></span> <span class='ocrx_word' id='word_1_15' title='bbox 1596 1081 1667 1143; x_wconf 86' lang='lat' dir='ltr'><strong>et</strong></span> <span class='ocrx_word' id='word_1_16' title='bbox 1728 1077 2006 1159; x_wconf 84' lang='lat' dir='ltr'><strong>Priores,</strong></span> <span class='ocrx_word' id='word_1_17' title='bbox 2059 1099 2138 1143; x_wconf 86' lang='lat' dir='ltr'><strong>ac</strong></span> <span class='ocrx_word' id='word_1_18' title='bbox 2196 1095 2589 1143; x_wconf 75' lang='lat' dir='ltr'><strong>successores</strong></span> <span class='ocrx_word' id='word_1_19' title='bbox 2647 1095 2882 1141; x_wconf 86' lang='lat' dir='ltr'><strong>eorun-</strong></span> 
     </span>
     <span class='ocr_line' id='line_1_4' title="bbox 773 1176 2884 1266; baseline -0.001 -22"><span class='ocrx_word' id='word_1_20' title='bbox 773 1185 809 1214; x_wconf 89' lang='lat'>“</span> <span class='ocrx_word' id='word_1_21' title='bbox 856 1179 1008 1245; x_wconf 89' lang='lat' dir='ltr'><strong>dem</strong></span> <span class='ocrx_word' id='word_1_22' title='bbox 1054 1178 1342 1245; x_wconf 84' lang='lat' dir='ltr'><strong>Abbatis</strong></span> <span class='ocrx_word' id='word_1_23' title='bbox 1392 1184 1463 1246; x_wconf 91' lang='lat' dir='ltr'><strong>et</strong></span> <span class='ocrx_word' id='word_1_24' title='bbox 1515 1179 1818 1245; x_wconf 89' lang='lat' dir='ltr'><strong>Priorum</strong></span> <span class='ocrx_word' id='word_1_25' title='bbox 1863 1178 1939 1244; x_wconf 90' lang='lat' dir='ltr'><strong>in</strong></span> <span class='ocrx_word' id='word_1_26' title='bbox 1982 1183 2395 1266; x_wconf 88' lang='lat' dir='ltr'><strong>perpetuum,</strong></span> <span class='ocrx_word' id='word_1_27' title='bbox 2440 1176 2646 1243; x_wconf 84' lang='lat' dir='ltr'><strong>talem</strong></span> <span class='ocrx_word' id='word_1_28' title='bbox 2704 1177 2884 1242; x_wconf 91' lang='lat' dir='ltr'><strong>inter</strong></span> 
     </span>
     <span class='ocr_line' id='line_1_5' title="bbox 774 1279 2881 1367; baseline -0.001 -20"><span class='ocrx_word' id='word_1_29' title='bbox 774 1290 808 1317; x_wconf 89' lang='lat'>“</span> <span class='ocrx_word' id='word_1_30' title='bbox 851 1282 984 1347; x_wconf 82' lang='lat' dir='ltr'><strong>alia</strong></span> <span class='ocrx_word' id='word_1_31' title='bbox 1041 1282 1364 1348; x_wconf 88' lang='lat' dir='ltr'><strong>haberent</strong></span> <span class='ocrx_word' id='word_1_32' title='bbox 1422 1281 1824 1363; x_wconf 88' lang='lat' dir='ltr'><strong>libertatem,</strong></span> <span class='ocrx_word' id='word_1_33' title='bbox 1886 1282 2065 1367; x_wconf 90' lang='lat' dir='ltr'><strong>quod</strong></span> <span class='ocrx_word' id='word_1_34' title='bbox 2124 1281 2347 1347; x_wconf 91' lang='lat' dir='ltr'><strong>nullus</strong></span> <span class='ocrx_word' id='word_1_35' title='bbox 2391 1302 2634 1346; x_wconf 84' lang='lat' dir='ltr'><strong>-eorum</strong></span> <span class='ocrx_word' id='word_1_36' title='bbox 2690 1279 2881 1345; x_wconf 86' lang='lat' dir='ltr'><strong>fieret</strong></span> 
     </span>
     <span class='ocr_line' id='line_1_6' title="bbox 770 1380 2884 1469; baseline -0.002 -18"><span class='ocrx_word' id='word_1_37' title='bbox 770 1392 804 1420; x_wconf 91' lang='lat'><strong><em>“</em></strong></span> <span class='ocrx_word' id='word_1_38' title='bbox 850 1384 1172 1465; x_wconf 88' lang='lat' dir='ltr'><strong>collector,</strong></span> <span class='ocrx_word' id='word_1_39' title='bbox 1223 1390 1510 1464; x_wconf 82' lang='lat' dir='ltr'><strong>taxator,</strong></span> <span class='ocrx_word' id='word_1_40' title='bbox 1539 1402 1839 1464; x_wconf 80' lang='lat' dir='ltr'><strong>assessor,</strong></span> <span class='ocrx_word' id='word_1_41' title='bbox 1889 1383 2305 1463; x_wconf 83' lang='lat' dir='ltr'><strong>decimarum,</strong></span> <span class='ocrx_word' id='word_1_42' title='bbox 2352 1380 2884 1469; x_wconf 84' lang='lat' dir='ltr'><strong>quintarum-de-</strong></span> 
     </span>
     <span class='ocr_line' id='line_1_7' title="bbox 771 1485 2882 1575; baseline -0.002 -19"><span class='ocrx_word' id='word_1_43' title='bbox 771 1495 810 1525; x_wconf 87' lang='lat'><strong>“</strong></span> <span class='ocrx_word' id='word_1_44' title='bbox 854 1489 1193 1569; x_wconf 76' lang='lat' dir='ltr'><strong>simarum,</strong></span> <span class='ocrx_word' id='word_1_45' title='bbox 1224 1488 1523 1566; x_wconf 87' lang='lat' dir='ltr'><strong>subsidii,</strong></span> <span class='ocrx_word' id='word_1_46' title='bbox 1575 1488 1887 1567; x_wconf 78' lang='lat' dir='ltr'><strong>collectae,</strong></span> <span class='ocrx_word' id='word_1_47' title='bbox 1918 1492 2040 1554; x_wconf 84' lang='lat' dir='ltr'><strong>aut</strong></span> <span class='ocrx_word' id='word_1_48' title='bbox 2085 1486 2534 1575; x_wconf 65' lang='lat' dir='ltr'><strong>cujuscunque</strong></span> <span class='ocrx_word' id='word_1_49' title='bbox 2576 1485 2674 1552; x_wconf 90' lang='lat' dir='ltr'><strong>rei</strong></span> <span class='ocrx_word' id='word_1_50' title='bbox 2700 1485 2882 1552; x_wconf 86' lang='lat' dir='ltr'><strong>dicto</strong></span> 
     </span>
     <span class='ocr_line' id='line_1_8' title="bbox 770 1589 2879 1680; baseline -0.001 -24"><span class='ocrx_word' id='word_1_51' title='bbox 770 1598 807 1627; x_wconf 90' lang='lat'><strong>“</strong></span> <span class='ocrx_word' id='word_1_52' title='bbox 850 1613 1063 1680; x_wconf 86' lang='lat' dir='ltr'><strong>nuper</strong></span> <span class='ocrx_word' id='word_1_53' title='bbox 1093 1591 1281 1679; x_wconf 82' lang='lat' dir='ltr'><strong>Regi,</strong></span> <span class='ocrx_word' id='word_1_54' title='bbox 1327 1613 1445 1658; x_wconf 88' lang='lat' dir='ltr'><strong>seu</strong></span> <span class='ocrx_word' id='word_1_55' title='bbox 1473 1591 1851 1659; x_wconf 88' lang='lat' dir='ltr'><strong>haeredibus</strong></span> <span class='ocrx_word' id='word_1_56' title='bbox 1891 1589 2045 1672; x_wconf 88' lang='lat' dir='ltr'><strong>suis,</strong></span> <span class='ocrx_word' id='word_1_57' title='bbox 2078 1590 2372 1678; x_wconf 83' lang='lat' dir='ltr'><strong>Regibus</strong></span> <span class='ocrx_word' id='word_1_58' title='bbox 2414 1589 2694 1678; x_wconf 65' lang='lat' dir='ltr'><strong>Angues,</strong></span> <span class='ocrx_word' id='word_1_59' title='bbox 2725 1610 2879 1656; x_wconf 89' lang='lat' dir='ltr'><strong>con·</strong></span> 
     </span>
     <span class='ocr_line' id='line_1_9' title="bbox 767 1691 2877 1780; baseline -0.002 -19"><span class='ocrx_word' id='word_1_60' title='bbox 767 1699 803 1731; x_wconf 90' lang='lat'><strong><em>“</em></strong></span> <span class='ocrx_word' id='word_1_61' title='bbox 848 1716 1173 1761; x_wconf 86' lang='lat' dir='ltr'><strong>cessarum</strong></span> <span class='ocrx_word' id='word_1_62' title='bbox 1208 1700 1329 1761; x_wconf 87' lang='lat' dir='ltr'><strong>aut</strong></span> <span class='ocrx_word' id='word_1_63' title='bbox 1359 1693 1924 1761; x_wconf 82' lang='lat' dir='ltr'><strong>concedendarum</strong></span> <span class='ocrx_word' id='word_1_64' title='bbox 1948 1719 1964 1775; x_wconf 84' lang='lat'><em>3</em></span> <span class='ocrx_word' id='word_1_65' title='bbox 1995 1697 2194 1780; x_wconf 88' lang='lat' dir='ltr'><strong>prout</strong></span> <span class='ocrx_word' id='word_1_66' title='bbox 2222 1693 2297 1758; x_wconf 90' lang='lat' dir='ltr'><strong>in</strong></span> <span class='ocrx_word' id='word_1_67' title='bbox 2327 1692 2602 1760; x_wconf 85' lang='lat' dir='ltr'><strong>Litteris</strong></span> <span class='ocrx_word' id='word_1_68' title='bbox 2632 1691 2877 1758; x_wconf 82' lang='lat' dir='ltr'><strong>Paten-</strong></span> 
     </span>
     <span class='ocr_line' id='line_1_10' title="bbox 765 1794 2875 1885; baseline -0.001 -21"><span class='ocrx_word' id='word_1_69' title='bbox 765 1803 800 1835; x_wconf 89' lang='lat'><strong><em>“</em></strong></span> <span class='ocrx_word' id='word_1_70' title='bbox 845 1797 1027 1865; x_wconf 90' lang='lat' dir='ltr'><strong>tibus</strong></span> <span class='ocrx_word' id='word_1_71' title='bbox 1071 1796 1406 1885; x_wconf 78' lang='lat' dir='ltr'><strong>praedictis</strong></span> <span class='ocrx_word' id='word_1_72' title='bbox 1450 1796 1558 1862; x_wconf 90' lang='lat' dir='ltr'><strong>hic</strong></span> <span class='ocrx_word' id='word_1_73' title='bbox 1599 1796 1674 1861; x_wconf 91' lang='lat' dir='ltr'><strong>in</strong></span> <span class='ocrx_word' id='word_1_74' title='bbox 1742 1796 2097 1879; x_wconf 83' lang='lat' dir='ltr'><strong>Seaccario,</strong></span> <span class='ocrx_word' id='word_1_75' title='bbox 2158 1800 2241 1864; x_wconf 84' lang='lat' dir='ltr'><strong>ut</strong></span> <span class='ocrx_word' id='word_1_76' title='bbox 2305 1794 2698 1883; x_wconf 76' lang='lat' dir='ltr'><strong>praedictum</strong></span> <span class='ocrx_word' id='word_1_77' title='bbox 2755 1799 2875 1874; x_wconf 86' lang='lat' dir='ltr'><strong>est,</strong></span> 
     </span>
     <span class='ocr_line' id='line_1_11' title="bbox 764 1898 1983 1987; baseline 0.001 -22"><span class='ocrx_word' id='word_1_78' title='bbox 764 1908 799 1938; x_wconf 84' lang='lat'><strong>‘⁶</strong></span> <span class='ocrx_word' id='word_1_79' title='bbox 843 1899 1231 1979; x_wconf 84' lang='lat' dir='ltr'><strong>irrotulatis,</strong></span> <span class='ocrx_word' id='word_1_80' title='bbox 1277 1899 1539 1987; x_wconf 86' lang='lat' dir='ltr'><strong>plenius</strong></span> <span class='ocrx_word' id='word_1_81' title='bbox 1581 1898 1983 1966; x_wconf 73' lang='lat' dir='ltr'><strong>continetur.</strong></span> 
     </span>
    </p>

    <p class='ocr_par' dir='ltr' id='par_1_3' title="bbox 760 1999 2884 2704">
     <span class='ocr_line' id='line_1_12' title="bbox 854 1999 2881 2089; baseline -0.001 -21"><span class='ocrx_word' id='word_1_82' title='bbox 854 2010 890 2040; x_wconf 89' lang='lat'><strong>“</strong></span> <span class='ocrx_word' id='word_1_83' title='bbox 920 2003 1012 2068; x_wconf 92' lang='lat' dir='ltr'><strong>Et</strong></span> <span class='ocrx_word' id='word_1_84' title='bbox 1052 2002 1336 2089; x_wconf 87' lang='lat' dir='ltr'><strong>insuper,</strong></span> <span class='ocrx_word' id='word_1_85' title='bbox 1384 2001 1550 2068; x_wconf 90' lang='lat' dir='ltr'><strong>dicit</strong></span> <span class='ocrx_word' id='word_1_86' title='bbox 1594 2001 1774 2087; x_wconf 91' lang='lat' dir='ltr'><strong>quod</strong></span> <span class='ocrx_word' id='word_1_87' title='bbox 1832 1999 2161 2067; x_wconf 85' lang='lat' dir='ltr'><strong>Dominus</strong></span> <span class='ocrx_word' id='word_1_88' title='bbox 2219 2001 2366 2068; x_wconf 82' lang='lat' dir='ltr'><strong>Rex</strong></span> <span class='ocrx_word' id='word_1_89' title='bbox 2409 2022 2613 2083; x_wconf 90' lang='lat' dir='ltr'><strong>nunc,</strong></span> <span class='ocrx_word' id='word_1_90' title='bbox 2683 2021 2881 2087; x_wconf 86' lang='lat' dir='ltr'><strong>super</strong></span> 
     </span>
     <span class='ocr_line' id='line_1_13' title="bbox 766 2102 2879 2191; baseline -0 -21"><span class='ocrx_word' id='word_1_91' title='bbox 766 2109 802 2141; x_wconf 89' lang='lat'><strong>“</strong></span> <span class='ocrx_word' id='word_1_92' title='bbox 848 2104 1120 2172; x_wconf 85' lang='lat' dir='ltr'><strong>Litteris</strong></span> <span class='ocrx_word' id='word_1_93' title='bbox 1151 2102 1547 2171; x_wconf 89' lang='lat' dir='ltr'><strong>Patentibus</strong></span> <span class='ocrx_word' id='word_1_94' title='bbox 1576 2103 1931 2191; x_wconf 85' lang='lat' dir='ltr'><strong>praedictis,</strong></span> <span class='ocrx_word' id='word_1_95' title='bbox 1952 2104 2299 2171; x_wconf 79' lang='lat' dir='ltr'><strong>mandavit</strong></span> <span class='ocrx_word' id='word_1_96' title='bbox 2321 2105 2655 2190; x_wconf 80' lang='lat' dir='ltr'><strong>quoddam</strong></span> <span class='ocrx_word' id='word_1_97' title='bbox 2677 2103 2879 2170; x_wconf 88' lang='lat' dir='ltr'><strong>breve</strong></span> 
     </span>
     <span class='ocr_line' id='line_1_14' title="bbox 765 2204 2879 2294; baseline 0 -22"><span class='ocrx_word' id='word_1_98' title='bbox 765 2214 801 2244; x_wconf 92' lang='lat'><strong>“</strong></span> <span class='ocrx_word' id='word_1_99' title='bbox 846 2229 1042 2273; x_wconf 92' lang='lat' dir='ltr'><strong>suum</strong></span> <span class='ocrx_word' id='word_1_100' title='bbox 1085 2207 1169 2273; x_wconf 91' lang='lat' dir='ltr'><strong>de</strong></span> <span class='ocrx_word' id='word_1_101' title='bbox 1212 2207 1457 2293; x_wconf 82' lang='lat' dir='ltr'><strong>Magno</strong></span> <span class='ocrx_word' id='word_1_102' title='bbox 1521 2204 1756 2294; x_wconf 81' lang='lat' dir='ltr'><strong>sigillo</strong></span> <span class='ocrx_word' id='word_1_103' title='bbox 1801 2227 1923 2271; x_wconf 91' lang='lat' dir='ltr'><strong>suo</strong></span> <span class='ocrx_word' id='word_1_104' title='bbox 1982 2206 2277 2272; x_wconf 85' lang='lat' dir='ltr'><strong>clausum</strong></span> <span class='ocrx_word' id='word_1_105' title='bbox 2319 2206 2749 2273; x_wconf 83' lang='lat' dir='ltr'><strong>Thesaurario</strong></span> <span class='ocrx_word' id='word_1_106' title='bbox 2807 2211 2879 2272; x_wconf 89' lang='lat' dir='ltr'><strong>et</strong></span> 
     </span>
     <span class='ocr_line' id='line_1_15' title="bbox 764 2307 2884 2396; baseline 0.001 -22"><span class='ocrx_word' id='word_1_107' title='bbox 764 2315 801 2346; x_wconf 90' lang='lat'><strong>“</strong></span> <span class='ocrx_word' id='word_1_108' title='bbox 845 2308 1217 2376; x_wconf 72' lang='lat' dir='ltr'><strong>Beronibus</strong></span> <span class='ocrx_word' id='word_1_109' title='bbox 1246 2309 1444 2394; x_wconf 85' lang='lat' dir='ltr'><strong>hujus</strong></span> <span class='ocrx_word' id='word_1_110' title='bbox 1487 2307 1848 2389; x_wconf 85' lang='lat' dir='ltr'><strong>Scaccarii;</strong></span> <span class='ocrx_word' id='word_1_111' title='bbox 1894 2308 2076 2395; x_wconf 91' lang='lat' dir='ltr'><strong>quod</strong></span> <span class='ocrx_word' id='word_1_112' title='bbox 2106 2309 2374 2396; x_wconf 89' lang='lat' dir='ltr'><strong>quidem</strong></span> <span class='ocrx_word' id='word_1_113' title='bbox 2402 2310 2605 2376; x_wconf 88' lang='lat' dir='ltr'><strong>breve</strong></span> <span class='ocrx_word' id='word_1_114' title='bbox 2633 2310 2884 2375; x_wconf 89' lang='lat' dir='ltr'><strong>irrotu-</strong></span> 
     </span>
     <span class='ocr_line' id='line_1_16' title="bbox 764 2409 2878 2497; baseline 0 -21"><span class='ocrx_word' id='word_1_115' title='bbox 764 2417 801 2449; x_wconf 91' lang='lat'><strong>“</strong></span> <span class='ocrx_word' id='word_1_116' title='bbox 843 2411 1025 2478; x_wconf 88' lang='lat' dir='ltr'><strong>latur</strong></span> <span class='ocrx_word' id='word_1_117' title='bbox 1068 2412 1144 2477; x_wconf 91' lang='lat' dir='ltr'><strong>in</strong></span> <span class='ocrx_word' id='word_1_118' title='bbox 1186 2410 1630 2478; x_wconf 79' lang='lat' dir='ltr'><strong>memorandis</strong></span> <span class='ocrx_word' id='word_1_119' title='bbox 1675 2409 1877 2497; x_wconf 89' lang='lat' dir='ltr'><strong>hujus</strong></span> <span class='ocrx_word' id='word_1_120' title='bbox 1926 2410 2266 2490; x_wconf 86' lang='lat' dir='ltr'><strong>Scaccarii,</strong></span> <span class='ocrx_word' id='word_1_121' title='bbox 2312 2412 2642 2491; x_wconf 86' lang='lat' dir='ltr'><strong>videlicet,</strong></span> <span class='ocrx_word' id='word_1_122' title='bbox 2697 2412 2878 2479; x_wconf 88' lang='lat' dir='ltr'><strong>inter</strong></span> 
     </span>
     <span class='ocr_line' id='line_1_17' title="bbox 760 2512 2873 2592; baseline -0 -13"><span class='ocrx_word' id='word_1_123' title='bbox 760 2521 793 2551; x_wconf 90' lang='lat'>“</span> <span class='ocrx_word' id='word_1_124' title='bbox 838 2515 1073 2580; x_wconf 82' lang='lat' dir='ltr'><strong>brevia</strong></span> <span class='ocrx_word' id='word_1_125' title='bbox 1116 2513 1368 2580; x_wconf 85' lang='lat' dir='ltr'><strong>directa.</strong></span> <span class='ocrx_word' id='word_1_126' title='bbox 1412 2513 1784 2580; x_wconf 77' lang='lat' dir='ltr'><strong>Batonibus</strong></span> <span class='ocrx_word' id='word_1_127' title='bbox 1814 2515 1897 2580; x_wconf 89' lang='lat' dir='ltr'><strong>de</strong></span> <span class='ocrx_word' id='word_1_128' title='bbox 1926 2512 2050 2579; x_wconf 90' lang='lat' dir='ltr'><strong>hoc</strong></span> <span class='ocrx_word' id='word_1_129' title='bbox 2082 2514 2411 2592; x_wconf 82' lang='lat' dir='ltr'><strong>TerminO,</strong></span> <span class='ocrx_word' id='word_1_130' title='bbox 2449 2513 2696 2580; x_wconf 90' lang='lat' dir='ltr'><strong>Rotulo</strong></span> <span class='ocrx_word' id='word_1_131' title='bbox 2727 2513 2873 2580; x_wconf 88' lang='lat' dir='ltr'><strong>Un-</strong></span> 
     </span>
     <span class='ocr_line' id='line_1_18' title="bbox 763 2614 2872 2704; baseline 0 -23"><span class='ocrx_word' id='word_1_132' title='bbox 763 2620 798 2653; x_wconf 89' lang='lat'><strong><em>“</em></strong></span> <span class='ocrx_word' id='word_1_133' title='bbox 842 2615 1139 2682; x_wconf 89' lang='lat' dir='ltr'><strong>decimo:</strong></span> <span class='ocrx_word' id='word_1_134' title='bbox 1188 2616 1375 2704; x_wconf 87' lang='lat' dir='ltr'><strong>cujus</strong></span> <span class='ocrx_word' id='word_1_135' title='bbox 1418 2616 1642 2683; x_wconf 85' lang='lat' dir='ltr'><strong>brevis</strong></span> <span class='ocrx_word' id='word_1_136' title='bbox 1692 2616 1963 2704; x_wconf 90' lang='lat' dir='ltr'><strong>quidem</strong></span> <span class='ocrx_word' id='word_1_137' title='bbox 2009 2621 2205 2683; x_wconf 89' lang='lat' dir='ltr'><strong>tenor</strong></span> <span class='ocrx_word' id='word_1_138' title='bbox 2249 2614 2570 2703; x_wconf 88' lang='lat' dir='ltr'><strong>sequitur,</strong></span> <span class='ocrx_word' id='word_1_139' title='bbox 2616 2616 2690 2681; x_wconf 89' lang='lat' dir='ltr'><strong>in</strong></span> <span class='ocrx_word' id='word_1_140' title='bbox 2731 2615 2872 2682; x_wconf 83' lang='lat' dir='ltr'><strong>haec</strong></span> 
     </span>
    </p>
   </div>
   <div class='ocr_carea' id='block_1_3' title="bbox 426 2718 2873 3047">
    <p class='ocr_par' dir='ltr' id='par_1_4' title="bbox 426 2718 2873 3047">
     <span class='ocr_line' id='line_1_19' title="bbox 764 2723 2278 2773; baseline -0.018 27"><span class='ocrx_word' id='word_1_141' title='bbox 764 2723 804 2754; x_wconf 68' lang='lat' dir='ltr'><em>u</em></span> <span class='ocrx_word' id='word_1_142' title='bbox 1076 2755 1164 2768; x_wconf 68' lang='lat'><strong>.—</strong></span> <span class='ocrx_word' id='word_1_143' title='bbox 2273 2764 2278 2773; x_wconf 47' lang='grc' dir='ltr'><strong><em>ι</em></strong></span> 
     </span>
     <span class='ocr_line' id='line_1_20' title="bbox 427 2718 2873 2911; baseline -0.007 -11"><span class='ocrx_word' id='word_1_144' title='bbox 427 2846 578 2911; x_wconf 69' lang='lat' dir='ltr'><strong>Writ,</strong></span> <span class='ocrx_word' id='word_1_145' title='bbox 592 2861 648 2898; x_wconf 76' lang='lat' dir='ltr'><strong>as</strong></span> <span class='ocrx_word' id='word_1_146' title='bbox 668 2854 723 2900; x_wconf 84' lang='lat' dir='ltr'><strong>to</strong></span> <span class='ocrx_word' id='word_1_147' title='bbox 846 2718 1273 2901; x_wconf 50' lang='lat' dir='ltr'><strong>Xeffgnricus,</strong></span> <span class='ocrx_word' id='word_1_148' title='bbox 1320 2819 1448 2886; x_wconf 91' lang='lat' dir='ltr'><strong>Dei</strong></span> <span class='ocrx_word' id='word_1_149' title='bbox 1506 2820 1743 2908; x_wconf 86' lang='lat' dir='ltr'><strong>gratia,</strong></span> <span class='ocrx_word' id='word_1_150' title='bbox 1794 2820 1943 2889; x_wconf 81' lang='lat' dir='ltr'><strong>Rex</strong></span> <span class='ocrx_word' id='word_1_151' title='bbox 1988 2821 2256 2910; x_wconf 83' lang='lat' dir='ltr'><strong>Angliae</strong></span> <span class='ocrx_word' id='word_1_152' title='bbox 2315 2828 2386 2890; x_wconf 89' lang='lat' dir='ltr'><strong>et</strong></span> <span class='ocrx_word' id='word_1_153' title='bbox 2433 2821 2746 2902; x_wconf 82' lang='lat' dir='ltr'><strong>Franciae,</strong></span> <span class='ocrx_word' id='word_1_154' title='bbox 2802 2824 2873 2886; x_wconf 89' lang='lat' dir='ltr'><strong>et</strong></span> 
     </span>
     <span class='ocr_line' id='line_1_21' title="bbox 426 2914 2869 3047; baseline -0.003 -51"><span class='ocrx_word' id='word_1_155' title='bbox 426 2914 629 3047; x_wconf 48' lang='lat'><strong>33¹3}</strong></span> <span class='ocrx_word' id='word_1_156' title='bbox 644 2982 705 3033; x_wconf 80' lang='lat' dir='ltr'><strong>of</strong></span> <span class='ocrx_word' id='word_1_157' title='bbox 763 2930 801 2959; x_wconf 90' lang='lat'><em>“</em></span> <span class='ocrx_word' id='word_1_158' title='bbox 846 2922 1176 2990; x_wconf 90' lang='lat' dir='ltr'><strong>Dominus</strong></span> <span class='ocrx_word' id='word_1_159' title='bbox 1238 2921 1601 3003; x_wconf 81' lang='lat' dir='ltr'><strong>Hiberniae,</strong></span> <span class='ocrx_word' id='word_1_160' title='bbox 1661 2923 2100 2990; x_wconf 84' lang='lat' dir='ltr'><strong>Thesaurario</strong></span> <span class='ocrx_word' id='word_1_161' title='bbox 2165 2928 2237 2991; x_wconf 90' lang='lat' dir='ltr'><strong>et</strong></span> <span class='ocrx_word' id='word_1_162' title='bbox 2295 2924 2663 2992; x_wconf 79' lang='lat' dir='ltr'><strong>Batonibus</strong></span> <span class='ocrx_word' id='word_1_163' title='bbox 2729 2922 2869 2989; x_wconf 90' lang='lat' dir='ltr'><strong>suis</strong></span> 
     </span>
    </p>
   </div>
   <div class='ocr_carea' id='block_1_4' title="bbox 423 3024 2876 3525">
    <p class='ocr_par' dir='ltr' id='par_1_5' title="bbox 423 3024 2876 3525">
     <span class='ocr_line' id='line_1_22' title="bbox 425 3024 2871 3109; baseline 0 -18"><span class='ocrx_word' id='word_1_164' title='bbox 425 3048 510 3099; x_wconf 80' lang='lat' dir='ltr'><strong>the</strong></span> <span class='ocrx_word' id='word_1_165' title='bbox 523 3048 675 3099; x_wconf 81' lang='lat' dir='ltr'><strong>Prior</strong></span> <span class='ocrx_word' id='word_1_166' title='bbox 690 3048 748 3100; x_wconf 85' lang='lat' dir='ltr'><strong>of</strong></span> <span class='ocrx_word' id='word_1_167' title='bbox 768 3030 804 3062; x_wconf 91' lang='lat'><strong>“</strong></span> <span class='ocrx_word' id='word_1_168' title='bbox 851 3025 935 3092; x_wconf 90' lang='lat' dir='ltr'><strong>de</strong></span> <span class='ocrx_word' id='word_1_169' title='bbox 979 3024 1340 3108; x_wconf 84' lang='lat' dir='ltr'><strong>Scaccario,</strong></span> <span class='ocrx_word' id='word_1_170' title='bbox 1376 3026 1677 3094; x_wconf 88' lang='lat' dir='ltr'><strong>salutem.</strong></span> <span class='ocrx_word' id='word_1_171' title='bbox 1769 3025 1937 3093; x_wconf 86' lang='lat' dir='ltr'><strong>Cum</strong></span> <span class='ocrx_word' id='word_1_172' title='bbox 1992 3025 2320 3093; x_wconf 84' lang='lat' dir='ltr'><strong>Dominus</strong></span> <span class='ocrx_word' id='word_1_173' title='bbox 2365 3026 2701 3109; x_wconf 78' lang='lat' dir='ltr'><strong>Ricardus,</strong></span> <span class='ocrx_word' id='word_1_174' title='bbox 2746 3046 2871 3091; x_wconf 88' lang='lat' dir='ltr'><strong>nu-</strong></span> 
     </span>
     <span class='ocr_line' id='line_1_23' title="bbox 423 3115 2874 3233; baseline 0 -38"><span class='ocrx_word' id='word_1_175' title='bbox 423 3115 692 3233; x_wconf 39' lang='lat' dir='ltr'><strong>&amp;Q</strong></span> <span class='ocrx_word' id='word_1_176' title='bbox 771 3134 807 3164; x_wconf 89' lang='lat'>“</span> <span class='ocrx_word' id='word_1_177' title='bbox 849 3150 969 3216; x_wconf 89' lang='lat' dir='ltr'><strong>per</strong></span> <span class='ocrx_word' id='word_1_178' title='bbox 1029 3129 1177 3195; x_wconf 81' lang='lat' dir='ltr'><strong>Rex</strong></span> <span class='ocrx_word' id='word_1_179' title='bbox 1236 3128 1516 3214; x_wconf 83' lang='lat' dir='ltr'><strong>Angliae,</strong></span> <span class='ocrx_word' id='word_1_180' title='bbox 1564 3127 1906 3196; x_wconf 85' lang='lat' dir='ltr'><strong>Secundus</strong></span> <span class='ocrx_word' id='word_1_181' title='bbox 1966 3133 2119 3217; x_wconf 86' lang='lat' dir='ltr'><strong>post</strong></span> <span class='ocrx_word' id='word_1_182' title='bbox 2164 3128 2660 3216; x_wconf 82' lang='lat' dir='ltr'><strong>Conquaestum,</strong></span> <span class='ocrx_word' id='word_1_183' title='bbox 2699 3127 2874 3196; x_wconf 87' lang='lat' dir='ltr'><strong>vice-</strong></span> 
     </span>
     <span class='ocr_line' id='line_1_24' title="bbox 423 3230 2876 3320; baseline -0 -23"><span class='ocrx_word' id='word_1_184' title='bbox 423 3255 478 3297; x_wconf 86' lang='lat' dir='ltr'><strong>to</strong></span> <span class='ocrx_word' id='word_1_185' title='bbox 499 3248 587 3299; x_wconf 79' lang='lat' dir='ltr'><strong>the</strong></span> <span class='ocrx_word' id='word_1_186' title='bbox 765 3239 802 3267; x_wconf 89' lang='lat'><strong>“</strong></span> <span class='ocrx_word' id='word_1_187' title='bbox 848 3231 1014 3297; x_wconf 92' lang='lat' dir='ltr'><strong>simo</strong></span> <span class='ocrx_word' id='word_1_188' title='bbox 1073 3231 1288 3319; x_wconf 91' lang='lat' dir='ltr'><strong>primo</strong></span> <span class='ocrx_word' id='word_1_189' title='bbox 1331 3231 1441 3298; x_wconf 91' lang='lat' dir='ltr'><strong>die</strong></span> <span class='ocrx_word' id='word_1_190' title='bbox 1485 3230 1796 3319; x_wconf 84' lang='lat' dir='ltr'><strong>Augusti,</strong></span> <span class='ocrx_word' id='word_1_191' title='bbox 1843 3252 2020 3297; x_wconf 83' lang='lat' dir='ltr'><strong>anno</strong></span> <span class='ocrx_word' id='word_1_192' title='bbox 2079 3230 2269 3320; x_wconf 83' lang='lat' dir='ltr'><strong>regni</strong></span> <span class='ocrx_word' id='word_1_193' title='bbox 2313 3232 2415 3298; x_wconf 86' lang='lat' dir='ltr'><strong>sui</strong></span> <span class='ocrx_word' id='word_1_194' title='bbox 2459 3236 2713 3318; x_wconf 81' lang='lat' dir='ltr'><strong>quarte,</strong></span> <span class='ocrx_word' id='word_1_195' title='bbox 2757 3252 2876 3320; x_wconf 88' lang='lat' dir='ltr'><strong>per</strong></span> 
     </span>
     <span class='ocr_line' id='line_1_25' title="bbox 423 3314 2875 3431; baseline 0.001 -32"><span class='ocrx_word' id='word_1_196' title='bbox 423 3314 638 3431; x_wconf 46' lang='grc' dir='ltr'><strong>ἓξὲξ-</strong></span> <span class='ocrx_word' id='word_1_197' title='bbox 647 3314 707 3366; x_wconf 84' lang='lat' dir='ltr'><strong>of</strong></span> <span class='ocrx_word' id='word_1_198' title='bbox 766 3341 802 3369; x_wconf 89' lang='lat'><strong>“</strong></span> <span class='ocrx_word' id='word_1_199' title='bbox 849 3333 1142 3401; x_wconf 75' lang='lat' dir='ltr'><strong>Litteras</strong></span> <span class='ocrx_word' id='word_1_200' title='bbox 1187 3355 1339 3400; x_wconf 88' lang='lat' dir='ltr'><strong>suas</strong></span> <span class='ocrx_word' id='word_1_201' title='bbox 1381 3333 1714 3416; x_wconf 85' lang='lat' dir='ltr'><strong>Patentes,</strong></span> <span class='ocrx_word' id='word_1_202' title='bbox 1754 3355 1919 3420; x_wconf 83' lang='lat' dir='ltr'><strong>quas</strong></span> <span class='ocrx_word' id='word_1_203' title='bbox 1963 3334 2513 3415; x_wconf 83' lang='lat' dir='ltr'><strong>confirmavimus,</strong></span> <span class='ocrx_word' id='word_1_204' title='bbox 2548 3335 2636 3401; x_wconf 93' lang='lat' dir='ltr'><strong>ob</strong></span> <span class='ocrx_word' id='word_1_205' title='bbox 2679 3334 2875 3401; x_wconf 84' lang='lat' dir='ltr'><strong>devo-</strong></span> 
     </span>
     <span class='ocr_line' id='line_1_26' title="bbox 425 3436 2872 3525; baseline 0.002 -29"><span class='ocrx_word' id='word_1_206' title='bbox 425 3446 656 3512; x_wconf 81' lang='lat' dir='ltr'><strong>ehequer.</strong></span> <span class='ocrx_word' id='word_1_207' title='bbox 762 3442 799 3473; x_wconf 87' lang='lat'><strong><em>“</em></strong></span> <span class='ocrx_word' id='word_1_208' title='bbox 842 3436 1095 3504; x_wconf 91' lang='lat' dir='ltr'><strong>tionem</strong></span> <span class='ocrx_word' id='word_1_209' title='bbox 1126 3458 1314 3503; x_wconf 89' lang='lat' dir='ltr'><strong>suam</strong></span> <span class='ocrx_word' id='word_1_210' title='bbox 1344 3436 1707 3524; x_wconf 84' lang='lat' dir='ltr'><strong>specialem,</strong></span> <span class='ocrx_word' id='word_1_211' title='bbox 1749 3458 1950 3524; x_wconf 87' lang='lat' dir='ltr'><strong>quam</strong></span> <span class='ocrx_word' id='word_1_212' title='bbox 1980 3458 2136 3525; x_wconf 85' lang='lat' dir='ltr'><strong>ergo</strong></span> <span class='ocrx_word' id='word_1_213' title='bbox 2166 3436 2487 3504; x_wconf 83' lang='lat' dir='ltr'><strong>Sanctum</strong></span> <span class='ocrx_word' id='word_1_214' title='bbox 2515 3436 2872 3515; x_wconf 79' lang='lat' dir='ltr'><strong>Albanum,</strong></span> 
     </span>
    </p>
   </div>
   <div class='ocr_carea' id='block_1_5' title="bbox 752 3536 2871 4555">
    <p class='ocr_par' dir='ltr' id='par_1_6' title="bbox 752 3536 2871 4555">
     <span class='ocr_line' id='line_1_27' title="bbox 762 3536 2871 3628; baseline 0 -23"><span class='ocrx_word' id='word_1_215' title='bbox 762 3546 798 3577; x_wconf 91' lang='lat'><strong><em>“</em></strong></span> <span class='ocrx_word' id='word_1_216' title='bbox 845 3536 865 3575; x_wconf 87' lang='lat'>¹</span> <span class='ocrx_word' id='word_1_217' title='bbox 887 3539 1463 3627; x_wconf 85' lang='lat' dir='ltr'><strong>Protomartyrem</strong></span> <span class='ocrx_word' id='word_1_218' title='bbox 1512 3539 1702 3627; x_wconf 88' lang='lat' dir='ltr'><strong>regni</strong></span> <span class='ocrx_word' id='word_1_219' title='bbox 1752 3540 1966 3607; x_wconf 85' lang='lat' dir='ltr'><strong>nostri</strong></span> <span class='ocrx_word' id='word_1_220' title='bbox 1994 3538 2264 3628; x_wconf 81' lang='lat' dir='ltr'><strong>Angliae</strong></span> <span class='ocrx_word' id='word_1_221' title='bbox 2299 3540 2678 3628; x_wconf 85' lang='lat' dir='ltr'><strong>gloriosum,</strong></span> <span class='ocrx_word' id='word_1_222' title='bbox 2722 3561 2871 3606; x_wconf 89' lang='lat' dir='ltr'><strong>nec-</strong></span> 
     </span>
     <span class='ocr_line' id='line_1_28' title="bbox 759 3641 2866 3728; baseline 0 -21"><span class='ocrx_word' id='word_1_223' title='bbox 759 3647 797 3678; x_wconf 91' lang='lat'>“</span> <span class='ocrx_word' id='word_1_224' title='bbox 842 3658 979 3708; x_wconf 88' lang='lat' dir='ltr'><strong>non</strong></span> <span class='ocrx_word' id='word_1_225' title='bbox 1045 3642 1134 3707; x_wconf 85' lang='lat' dir='ltr'><strong>ad</strong></span> <span class='ocrx_word' id='word_1_226' title='bbox 1201 3641 1344 3728; x_wconf 88' lang='lat' dir='ltr'><strong>ejus</strong></span> <span class='ocrx_word' id='word_1_227' title='bbox 1410 3643 1889 3708; x_wconf 86' lang='lat' dir='ltr'><strong>monasterium</strong></span> <span class='ocrx_word' id='word_1_228' title='bbox 1949 3643 2027 3709; x_wconf 92' lang='lat' dir='ltr'><strong>in</strong></span> <span class='ocrx_word' id='word_1_229' title='bbox 2092 3642 2258 3708; x_wconf 83' lang='lat' dir='ltr'><strong>villa</strong></span> <span class='ocrx_word' id='word_1_230' title='bbox 2327 3641 2566 3710; x_wconf 82' lang='lat' dir='ltr'><strong>Sancti</strong></span> <span class='ocrx_word' id='word_1_231' title='bbox 2620 3643 2866 3709; x_wconf 76' lang='lat' dir='ltr'><strong>Albani</strong></span> 
     </span>
     <span class='ocr_line' id='line_1_29' title="bbox 759 3744 2867 3835; baseline 0.001 -26"><span class='ocrx_word' id='word_1_232' title='bbox 759 3750 794 3779; x_wconf 91' lang='lat'><strong><em>“</em></strong></span> <span class='ocrx_word' id='word_1_233' title='bbox 838 3744 1185 3826; x_wconf 88' lang='lat' dir='ltr'><strong>situatum,</strong></span> <span class='ocrx_word' id='word_1_234' title='bbox 1230 3746 1412 3833; x_wconf 90' lang='lat' dir='ltr'><strong>quod</strong></span> <span class='ocrx_word' id='word_1_235' title='bbox 1457 3746 1540 3811; x_wconf 90' lang='lat' dir='ltr'><strong>de</strong></span> <span class='ocrx_word' id='word_1_236' title='bbox 1590 3745 1983 3814; x_wconf 82' lang='lat' dir='ltr'><strong>fundatione</strong></span> <span class='ocrx_word' id='word_1_237' title='bbox 2027 3746 2528 3835; x_wconf 87' lang='lat' dir='ltr'><strong>progenitorum</strong></span> <span class='ocrx_word' id='word_1_238' title='bbox 2577 3767 2867 3827; x_wconf 71' lang='lat' dir='ltr'><strong>suom,</strong></span> 
     </span>
     <span class='ocr_line' id='line_1_30' title="bbox 758 3846 2868 3937; baseline 0.001 -24"><span class='ocrx_word' id='word_1_239' title='bbox 758 3853 794 3883; x_wconf 91' lang='lat'><strong>“</strong></span> <span class='ocrx_word' id='word_1_240' title='bbox 837 3847 1170 3934; x_wconf 84' lang='lat' dir='ltr'><strong>quondam</strong></span> <span class='ocrx_word' id='word_1_241' title='bbox 1230 3847 1488 3936; x_wconf 84' lang='lat' dir='ltr'><strong>Regum</strong></span> <span class='ocrx_word' id='word_1_242' title='bbox 1541 3846 1825 3936; x_wconf 81' lang='lat' dir='ltr'><strong>Angliae,</strong></span> <span class='ocrx_word' id='word_1_243' title='bbox 1888 3853 1958 3916; x_wconf 89' lang='lat' dir='ltr'><strong>et</strong></span> <span class='ocrx_word' id='word_1_244' title='bbox 2022 3870 2145 3916; x_wconf 82' lang='lat' dir='ltr'><strong>suo</strong></span> <span class='ocrx_word' id='word_1_245' title='bbox 2187 3854 2566 3937; x_wconf 75' lang='lat' dir='ltr'><strong>patronatu,</strong></span> <span class='ocrx_word' id='word_1_246' title='bbox 2620 3849 2868 3927; x_wconf 83' lang='lat' dir='ltr'><strong>extitit,</strong></span> 
     </span>
     <span class='ocr_line' id='line_1_31' title="bbox 761 3949 2868 4040; baseline -0 -23"><span class='ocrx_word' id='word_1_247' title='bbox 761 3954 796 3985; x_wconf 90' lang='lat'><strong>“</strong></span> <span class='ocrx_word' id='word_1_248' title='bbox 839 3949 1044 4039; x_wconf 85' lang='lat' dir='ltr'><strong>gessit</strong></span> <span class='ocrx_word' id='word_1_249' title='bbox 1101 3955 1172 4016; x_wconf 89' lang='lat' dir='ltr'><strong>et</strong></span> <span class='ocrx_word' id='word_1_250' title='bbox 1222 3949 1478 4033; x_wconf 83' lang='lat' dir='ltr'><strong>habuit,</strong></span> <span class='ocrx_word' id='word_1_251' title='bbox 1525 3950 1610 4016; x_wconf 91' lang='lat' dir='ltr'><strong>de</strong></span> <span class='ocrx_word' id='word_1_252' title='bbox 1652 3951 1872 4038; x_wconf 71' lang='lat' dir='ltr'><strong>gratia</strong></span> <span class='ocrx_word' id='word_1_253' title='bbox 1937 3973 2059 4018; x_wconf 85' lang='lat' dir='ltr'><strong>sua</strong></span> <span class='ocrx_word' id='word_1_254' title='bbox 2116 3952 2400 4040; x_wconf 82' lang='lat' dir='ltr'><strong>speciali,</strong></span> <span class='ocrx_word' id='word_1_255' title='bbox 2460 3951 2868 4031; x_wconf 84' lang='lat' dir='ltr'><strong>concesserit,</strong></span> 
     </span>
     <span class='ocr_line' id='line_1_32' title="bbox 759 4052 2870 4141; baseline -0 -22"><span class='ocrx_word' id='word_1_256' title='bbox 759 4059 799 4090; x_wconf 89' lang='lat'><strong>“</strong></span> <span class='ocrx_word' id='word_1_257' title='bbox 843 4075 964 4141; x_wconf 91' lang='lat' dir='ltr'><strong>pro</strong></span> <span class='ocrx_word' id='word_1_258' title='bbox 1010 4075 1081 4120; x_wconf 90' lang='lat' dir='ltr'><strong>se</strong></span> <span class='ocrx_word' id='word_1_259' title='bbox 1124 4058 1197 4120; x_wconf 90' lang='lat' dir='ltr'><strong>et</strong></span> <span class='ocrx_word' id='word_1_260' title='bbox 1247 4052 1619 4121; x_wconf 77' lang='lat' dir='ltr'><strong>haeredibus</strong></span> <span class='ocrx_word' id='word_1_261' title='bbox 1663 4053 1819 4136; x_wconf 84' lang='lat' dir='ltr'><strong>suis,</strong></span> <span class='ocrx_word' id='word_1_262' title='bbox 1865 4053 2124 4121; x_wconf 84' lang='lat' dir='ltr'><strong>dilectis</strong></span> <span class='ocrx_word' id='word_1_263' title='bbox 2167 4054 2298 4121; x_wconf 89' lang='lat' dir='ltr'><strong>sibi</strong></span> <span class='ocrx_word' id='word_1_264' title='bbox 2345 4055 2618 4122; x_wconf 80' lang='lat' dir='ltr'><strong>Thomas</strong></span> <span class='ocrx_word' id='word_1_265' title='bbox 2662 4054 2744 4120; x_wconf 89' lang='lat' dir='ltr'><strong>de</strong></span> <span class='ocrx_word' id='word_1_266' title='bbox 2801 4054 2870 4119; x_wconf 85' lang='lat' dir='ltr'><strong>la</strong></span> 
     </span>
     <span class='ocr_line' id='line_1_33' title="bbox 758 4156 2871 4245; baseline -0 -22"><span class='ocrx_word' id='word_1_267' title='bbox 758 4162 796 4193; x_wconf 88' lang='lat'>“</span> <span class='ocrx_word' id='word_1_268' title='bbox 841 4157 1047 4241; x_wconf 87' lang='lat' dir='ltr'><strong>Mare,</strong></span> <span class='ocrx_word' id='word_1_269' title='bbox 1077 4161 1240 4223; x_wconf 85' lang='lat' dir='ltr'><strong>tunc</strong></span> <span class='ocrx_word' id='word_1_270' title='bbox 1284 4156 1541 4223; x_wconf 83' lang='lat' dir='ltr'><strong>Abbati</strong></span> <span class='ocrx_word' id='word_1_271' title='bbox 1584 4156 1972 4224; x_wconf 81' lang='lat' dir='ltr'><strong>monasterii</strong></span> <span class='ocrx_word' id='word_1_272' title='bbox 2015 4158 2339 4245; x_wconf 79' lang='lat' dir='ltr'><strong>praedicti,</strong></span> <span class='ocrx_word' id='word_1_273' title='bbox 2385 4180 2643 4224; x_wconf 87' lang='lat' dir='ltr'><strong>necnon</strong></span> <span class='ocrx_word' id='word_1_274' title='bbox 2687 4156 2871 4223; x_wconf 88' lang='lat' dir='ltr'><strong>Prio-</strong></span> 
     </span>
     <span class='ocr_line' id='line_1_34' title="bbox 756 4258 2869 4347; baseline 0 -24"><span class='ocrx_word' id='word_1_275' title='bbox 756 4263 793 4294; x_wconf 90' lang='lat'><strong><em>“</em></strong></span> <span class='ocrx_word' id='word_1_276' title='bbox 836 4258 1024 4325; x_wconf 90' lang='lat' dir='ltr'><strong>ribus</strong></span> <span class='ocrx_word' id='word_1_277' title='bbox 1070 4258 1405 4326; x_wconf 86' lang='lat' dir='ltr'><strong>Cellarum</strong></span> <span class='ocrx_word' id='word_1_278' title='bbox 1451 4259 1666 4326; x_wconf 91' lang='lat' dir='ltr'><strong>eidem</strong></span> <span class='ocrx_word' id='word_1_279' title='bbox 1721 4260 2125 4327; x_wconf 82' lang='lat' dir='ltr'><strong>monasterio</strong></span> <span class='ocrx_word' id='word_1_280' title='bbox 2169 4260 2640 4347; x_wconf 86' lang='lat' dir='ltr'><strong>subjectarum,</strong></span> <span class='ocrx_word' id='word_1_281' title='bbox 2689 4258 2869 4346; x_wconf 92' lang='lat' dir='ltr'><strong>quod</strong></span> 
     </span>
     <span class='ocr_line' id='line_1_35' title="bbox 756 4359 2870 4444; baseline 0 -19"><span class='ocrx_word' id='word_1_282' title='bbox 756 4365 796 4396; x_wconf 89' lang='lat'><strong>“</strong></span> <span class='ocrx_word' id='word_1_283' title='bbox 840 4359 1043 4429; x_wconf 92' lang='lat' dir='ltr'><strong>iidem</strong></span> <span class='ocrx_word' id='word_1_284' title='bbox 1109 4362 1342 4429; x_wconf 85' lang='lat' dir='ltr'><strong>Abbas</strong></span> <span class='ocrx_word' id='word_1_285' title='bbox 1408 4368 1481 4429; x_wconf 91' lang='lat' dir='ltr'><strong>et</strong></span> <span class='ocrx_word' id='word_1_286' title='bbox 1546 4362 1828 4444; x_wconf 87' lang='lat' dir='ltr'><strong>Priores,</strong></span> <span class='ocrx_word' id='word_1_287' title='bbox 1895 4367 1968 4430; x_wconf 90' lang='lat' dir='ltr'><strong>et</strong></span> <span class='ocrx_word' id='word_1_288' title='bbox 2043 4385 2444 4430; x_wconf 69' lang='lat' dir='ltr'><strong>successores</strong></span> <span class='ocrx_word' id='word_1_289' title='bbox 2510 4362 2870 4429; x_wconf 88' lang='lat' dir='ltr'><strong>eorundem</strong></span> 
     </span>
     <span class='ocr_line' id='line_1_36' title="bbox 752 4462 2870 4555; baseline 0 -24"><span class='ocrx_word' id='word_1_290' title='bbox 752 4468 791 4500; x_wconf 89' lang='lat'><strong>“</strong></span> <span class='ocrx_word' id='word_1_291' title='bbox 838 4464 1128 4532; x_wconf 83' lang='lat' dir='ltr'><strong>Abbatis</strong></span> <span class='ocrx_word' id='word_1_292' title='bbox 1187 4470 1258 4532; x_wconf 89' lang='lat' dir='ltr'><strong>et</strong></span> <span class='ocrx_word' id='word_1_293' title='bbox 1319 4464 1621 4532; x_wconf 90' lang='lat' dir='ltr'><strong>Priorum</strong></span> <span class='ocrx_word' id='word_1_294' title='bbox 1685 4462 1714 4502; x_wconf 74' lang='lat'>⁹</span> <span class='ocrx_word' id='word_1_295' title='bbox 1736 4465 1811 4532; x_wconf 91' lang='lat' dir='ltr'><strong>in</strong></span> <span class='ocrx_word' id='word_1_296' title='bbox 1861 4471 2272 4555; x_wconf 87' lang='lat' dir='ltr'><strong>perpetuum,</strong></span> <span class='ocrx_word' id='word_1_297' title='bbox 2325 4466 2500 4533; x_wconf 84' lang='lat' dir='ltr'><strong>hanc</strong></span> <span class='ocrx_word' id='word_1_298' title='bbox 2549 4465 2870 4532; x_wconf 85' lang='lat' dir='ltr'><strong>haberent</strong></span> 
     </span>
    </p>
   </div>
   <div class='ocr_carea' id='block_1_6' title="bbox 817 4747 2548 4818">
    <p class='ocr_par' dir='ltr' id='par_1_7' title="bbox 817 4747 2548 4818">
     <span class='ocr_line' id='line_1_37' title="bbox 817 4747 2548 4818; baseline 0.003 -19"><span class='ocrx_word' id='word_1_299' title='bbox 817 4748 835 4781; x_wconf 86' lang='lat'>¹</span> <span class='ocrx_word' id='word_1_300' title='bbox 859 4747 1289 4801; x_wconf 74' lang='lat' dir='ltr'><strong>Prothomurtirem</strong></span> <span class='ocrx_word' id='word_1_301' title='bbox 1310 4750 1363 4802; x_wconf 85' lang='lat' dir='ltr'><strong>in</strong></span> <span class='ocrx_word' id='word_1_302' title='bbox 1386 4748 1500 4804; x_wconf 81' lang='lat' dir='ltr'><strong>MS.</strong></span> <span class='ocrx_word' id='word_1_303' title='bbox 1836 4749 1851 4818; x_wconf 81' lang='grc' dir='ltr'>Ι</span> <span class='ocrx_word' id='word_1_304' title='bbox 1944 4749 1967 4783; x_wconf 72' lang='lat'><strong>⁹</strong></span> <span class='ocrx_word' id='word_1_305' title='bbox 1987 4752 2331 4818; x_wconf 67' lang='lat' dir='ltr'><strong>imperpetuum</strong></span> <span class='ocrx_word' id='word_1_306' title='bbox 2354 4748 2411 4803; x_wconf 85' lang='lat' dir='ltr'><strong>in</strong></span> <span class='ocrx_word' id='word_1_307' title='bbox 2433 4750 2548 4803; x_wconf 80' lang='lat' dir='ltr'><strong>MS.</strong></span> 
     </span>
    </p>
   </div>
  </div>
 </body>
</html>
