3467 5717
1385 797 1628 849 8111011
1673 797 1949 850 mnu.
2579 785 2710 855 357

596 992 640 1022 “
685 985 928 1052 sensati
957 985 1192 1052 testari
1230 985 1417 1072 prius
1468 1007 1667 1072 quam
1713 1005 2136 1073 cognoscere3
2179 1006 2392 1072 neque
2422 987 2708 1073 pectoris
2733 996 2874 1051 A.D.
2905 1005 3046 1052 1433.

600 1092 639 1122 “
681 1092 783 1154 est
810 1087 1062 1154 maturi
1089 1087 1275 1175 loqui
1303 1088 1488 1176 prius
1523 1087 1598 1152 in
1626 1109 1826 1154 causa
1853 1108 2054 1173 quam
2083 1086 2439 1153 informari.
2510 1088 2706 1154 Prius

597 1194 634 1224 “
679 1188 909 1276 igitur,
974 1189 1033 1255 si
1099 1189 1230 1256 viri
1292 1189 1403 1255 vel
1462 1190 1710 1255 sensati
1762 1189 1871 1254 vel
1929 1189 2174 1256 maturi
2219 1190 2386 1271 sitis,
2434 1211 2707 1278 cognos-

595 1295 632 1325 “
677 1291 844 1357 catis
887 1291 964 1356 in
1006 1313 1219 1372 causa,
1251 1313 1451 1379 quam
1497 1295 1616 1357 aut
1661 1290 1844 1376 loqui
1888 1295 2008 1357 aut
2050 1292 2286 1358 testari
2334 1292 2416 1358 de
2468 1298 2704 1360 caetero

598 1396 636 1426 “
682 1392 1156 1480 praesumatis.”

684 1495 778 1560 Et
805 1492 937 1560 hiis
980 1494 1178 1561 dictis
1220 1495 1485 1561 recessit
1513 1494 1745 1561 Abbas
1789 1495 1873 1561 ad
1918 1494 1991 1560 id
2034 1498 2314 1581 tempus,
2346 1518 2480 1562 non
2510 1497 2704 1563 aliter
2729 1506 2840 1557 The
2863 1505 3040 1561 Abbot

593 1596 969 1663 laetificatus
1013 1598 1087 1662 in
1132 1597 1506 1676 visceribus,
1539 1618 1761 1683 quam,
1797 1595 2064 1683 quando
2109 1597 2428 1663 dividunt
2472 1600 2698 1685 spolia,
2726 1573 3000 1691 ἒξζζῗοὲξῗ

589 1698 805 1764 laetari
847 1699 1064 1765 solent
1108 1698 1406 1765 victores,
1516 1699 1805 1765 Rediens
1865 1703 2090 1764 tamen
2150 1697 2226 1762 in
2271 1700 2579 1781 crastino,
2629 1706 2699 1768 et
2723 1704 2850 1768 tion,
2871 1707 2963 1757 but

588 1800 918 1887 reperiens
964 1801 1320 1888 Episcopos
1366 1820 1592 1867 omnes
1636 1805 1893 1866 stantes
1938 1820 2220 1881 sursum,
2269 1821 2417 1866 cum
2459 1802 2697 1869 Archi·
2721 1773 3036 1905 affixae

589 1900 881 1987 praesule,
928 1902 1004 1967 in
1047 1902 1312 1989 privato
1354 1901 1520 1983 loco,
1566 1901 1774 1989 coepit
1818 1923 2008 1967 suam
2050 1900 2358 1967 laetitiam
2404 1924 2698 1970 commu-

587 2007 730 2068 tare
773 2003 843 2068 in
891 2003 1259 2086 tristitiam,
1304 2024 1592 2090 moxque
1637 2025 1755 2091 per
1799 2024 2053 2069 moram
2099 2000 2381 2069 Consilii
2425 2004 2698 2070 sinistra

588 2109 818 2170 contra
882 2126 1006 2170 sua
1063 2105 1355 2191 auspicia
1415 2104 1749 2192 suspicari.
1863 2104 1931 2168 N
1934 2125 2006 2169 00
2064 2102 2303 2169 fefellit
2363 2126 2516 2170 eum
2577 2127 2697 2171 sua
2720 2117 2804 2168 He
2822 2118 2866 2168 is

591 2206 904 2293 suspici03
947 2207 1107 2292 quia
1134 2206 1209 2271 in
1236 2210 1535 2272 tractatu
1564 2227 1684 2293 pro
1713 2211 1877 2272 tunc
1908 2206 2135 2274 habito
2166 2208 2266 2275 ita
2296 2206 2697 2272 inflexerant
2719 2186 2954 2301 m}-
2963 2185 3034 2249 by

590 2329 702 2374 001·
744 2307 910 2375 dicti
953 2308 1474 2396 Archipraesulis,
1520 2313 1602 2373 ut
1652 2308 1742 2374 ad
1796 2308 1996 2375 breve
2054 2311 2330 2398 regium,
2376 2310 2448 2374 111
2503 2331 2698 2375 causa
2722 2317 3031 2393 chipationsz
3125 2321 3132 2328 ·

587 2409 1095 2476 Certioratiom's
1151 2432 1349 2497 super
1406 2410 1871 2476 reclamatione
1916 2410 2043 2477 sibi
2096 2413 2437 2492 directum,
2485 2412 2697 2477 subti-
2719 2383 2949 2500 {3221

585 2510 737 2576 liori
780 2512 975 2579 modo
1021 2532 1153 2598 quo
1198 2511 1537 2589 sufficeret,
1585 2512 1972 2578 rescriberet
2031 2535 2152 2601 pro
2214 2513 2692 2579 invalidatione
2718 2530 2805 2630 ge
2949 2484 2965 2507 ⁰

585 2611 808 2699 ipsius.
898 2610 923 2650 ¹
949 2612 1081 2679 Sed
1125 2613 1266 2679 sive
1311 2634 1427 2700 per
1456 2613 1848 2695 seductores,
1895 2613 2035 2680 sive
2079 2636 2359 2694 veraces,
2391 2614 2533 2681 sive
2576 2637 2696 2702 per
2776 2582 2976 2633 wau-ted.

586 2715 928 2780 infamiam
987 2736 1105 2781 seu
1163 2714 1406 2780 bonam
1464 2714 1723 2793 famam,
1785 2714 2006 2781 omnia
2066 2720 2306 2794 tamen,
2351 2716 2695 2782 Altissimo

586 2817 854 2904 gratias,
884 2816 1402 2903 cooperabantur
1428 2815 1683 2881 Abbati
1727 2816 1801 2880 in
1845 2815 2112 2898 bonum,
2145 2818 2515 2904 omniaque,
2550 2817 2694 2885 Deo

586 2919 890 3007 propitio,
944 2917 1426 3001 promovebant
1483 2938 1620 2983 11011
1684 2918 2103 2984 mediocriter
2162 2941 2426 2984 causam
2488 2941 2692 2985 suam.

587 3021 765 3087 Nam
810 3021 885 3085 in
944 3025 1271 3106 quantum
1322 3019 1866 3106 Archiepiscopus
1924 3020 1996 3085 111
2056 3042 2175 3085 sua
2236 3020 2695 3085 certioratione

588 3123 717 3188 sibi
777 3123 1000 3189 obesse
1058 3121 1294 3201 voluit,
1340 3121 1415 3187 in
1473 3126 1742 3187 tantum
1804 3120 1934 3187 sibi
1994 3121 2068 3186 in
2127 3142 2205 3186 ea
2262 3121 2557 3208 profuit3
2617 3122 2692 3186 in

585 3227 831 3312 illoque
871 3226 946 3290 111
989 3246 1120 3313 quo
1163 3246 1354 3291 suam
1398 3245 1660 3290 causam
1722 3222 2059 3288 infirmare
2102 3222 2380 3303 studuit,
2427 3223 2502 3287 in
2549 3224 2695 3310 ipso

588 3350 736 3395 eam
793 3349 1028 3393 sanam
1093 3326 1407 3408 reddidit,
1453 3327 1633 3404 dum,
1677 3325 1753 3389 in
1812 3323 2107 3391 favorem
2155 3323 2538 3407 Praesulum,
2592 3347 2695 3391 re-

588 3430 1047 3497 clamationem
1089 3450 1210 3517 per
1245 3428 1580 3494 Abbatem
1625 3428 1870 3492 factam
1916 3424 2296 3503 invalidam,
2326 3425 2689 3491 secundum

589 3554 784 3599 suum
818 3531 1175 3619 judicium,
1222 3551 1363 3596 esse
1406 3528 1808 3595 certioravit.

679 3633 858 3700 Nam
901 3631 1444 3701 convenientibus
1488 3652 1607 3718 pro
1635 3630 1865 3697 eadem
1909 3649 2106 3694 causa
2149 3628 2329 3715 apud
2374 3627 2401 3668 ²
2426 3629 2692 3696 Fratres
2718 3640 2832 3691 The
2855 3639 3014 3692 Certi-

590 3736 1057 3805 Praedicatores
1101 3734 1408 3801 omnibus
1451 3733 1642 3821 regni
1684 3733 1733 3798 J
1735 3730 2053 3812 udicibus,
2086 3730 2582 3819 Baronibusque
2611 3733 2695 3797 de
2718 3707 2991 3824 {ihcgtffib-

591 3839 946 3920 Scaocario,
992 3828 1311 3923 lectisque
1372 3857 1588 3903 coram
1640 3835 1804 3921 ipsis
1848 3839 1987 3899 tam
2032 3833 2223 3899 brevi
2265 3835 2448 3921 regio
2493 3856 2691 3920 quam
2718 3839 2899 3957 tgshop
2922 3840 2985 3890 of

592 3941 1075 4010 Certificatorio
1105 3939 1394 4011 Domino
1424 3935 1942 4016 Cantuariensis,
1973 3935 2265 4013 tandem,
2295 3941 2445 4021 post
2474 3941 2694 4000 artam
2720 3913 2932 4035 δζξὲθῖζ

590 4050 1020 4130 exactamque
1086 4041 1663 4118 examinationem,
1713 4036 2140 4122 rejiciebatur
2188 4035 2358 4100 illud
2432 4034 2692 4101 Certifi-
2718 4037 2935 4153 ffiegoeg
2963 4038 3034 4101 by

590 4146 932 4224 catorium,
974 4149 1296 4231 tanquam
1344 4143 1419 4207 in
1464 4163 1532 4208 se
1574 4138 1989 4217 insufficiens,
2030 4142 2100 4201 et
2141 4137 2411 4202 omnino
2453 4136 2693 4202 invali-
2720 4117 3033 4247 asebessngae'

592 4248 798 4327 dum;
845 4247 1162 4332 velutque
1209 4245 1462 4311 editum
1509 4242 1731 4330 potius
1779 4240 1852 4304 in
1899 4238 2192 4305 favorem
2236 4238 2462 4325 partis,
2494 4260 2692 4325 quam
2717 4234 3018 4351 ἓξὲξ-ἰεῦ*

590 4350 680 4416 0(1
730 4347 1216 4416 testificandum
1271 4346 1342 4411 in
1403 4344 1739 4411 defensam
1791 4341 2097 4429 pauperis
2147 4341 2427 4426 plenam,
2475 4361 2691 4407 eoram
2716 4366 2870 4421 valid.

591 4452 894 4531 Domino,
947 4450 1318 4517 veritatem.
1434 4446 1631 4529 Quod
1679 4443 1991 4533 Episcopi
2040 4441 2401 4520 audientes,
2451 4442 2695 4508 intelli-

662 4702 680 4737 1
708 4700 799 4754 set
822 4703 877 4756 in
893 4701 1009 4756 us.
1630 4698 1643 4767 ι
1737 4697 1759 4731 ²
1782 4696 1877 4750 see
1899 4710 1947 4761 p.
1972 4700 2090 4757 328,
2115 4702 2248 4759 am,
2268 4694 2401 4748 Note
2423 4694 2459 4747 2.
