3467 5717
824 843 953 906 268
1492 852 1812 906 Annum
1855 853 2282 907 MoNAs'rERu

482 1058 790 1116 A.n.l428,9.
820 1047 857 1079 ‘⁴

905 1044 1347 1129 pertinentiis,
1400 1044 1472 1108 in
1539 1044 2099 1131 Aldeburymede,
2155 1046 2356 1125 unius
2421 1046 2784 1113 tenementi
2855 1047 2925 1110 in

822 1152 858 1178 “
906 1146 1267 1225 Watforde,
1297 1147 1518 1212 vocati
1553 1153 1569 1181 ‘
1588 1147 1936 1212 Blakettes
1960 1147 1997 1229 ς’
2030 1169 2152 1212 sex
2183 1148 2616 1214 solidatamm
2663 1152 2732 1213 et
2777 1152 2926 1213 octo

822 1256 858 1285 “
905 1248 1393 1314 denariatamm
1442 1247 1760 1329 redditus,
1802 1270 1954 1314 eum
1999 1249 2443 1335 pertinentiis»,
2492 1250 2800 1316 exeuntis
2843 1251 2925 1314 de

820 1357 857 1387 ‘⁴
904 1352 1349 1439 quadraginta
1392 1351 1558 1417 acris
1618 1357 1814 1416 terrae
1873 1374 1958 1417 ex
2020 1372 2156 1416 uno
2200 1351 2371 1417 tosto
2417 1352 2509 1417 'in
2573 1352 2928 1432 Orokesle3

821 1460 855 1490 ‘⁴
903 1458 974 1519 et
1017 1454 1362 1520 duodecim
1394 1453 1891 1519 denariatarum
1934 1453 2254 1535 reddituS,
2285 1476 2434 1520 cum
2481 1455 2920 1542 pertinentiiS‚

820 1562 855 1588 “
903 1556 1207 1622 exeuntis
1278 1556 1361 1621 de
1425 1557 1710 1642 quadam
1777 1555 2063 1642 parcella
2108 1560 2399 1642 pasturae
2445 1556 2516 1621 in
2564 1557 2922 1643 Brytwelle

818 1663 854 1691 “
902 1659 1104 1737 More,
1149 1680 1299 1745 quae
1346 1658 1521 1724 idem
1568 1657 1944 1722 Willelmus
1987 1657 2232 1723 clamat
2276 1678 2505 1725 versus
2571 1660 2922 1746 praefatum

818 1766 853 1793 “
900 1759 1251 1827 Abbatem.
1330 1761 1462 1825 Pro
1495 1759 1740 1846 quibus
1771 1760 2070 1845 quereliS,
2102 1759 2127 1799 ¹
2151 1759 2687 1840 dissensionibuS,
2714 1766 2785 1827 et
2815 1762 2926 1827 de-

815 1870 850 1898 “
896 1862 1091 1945 batis,
1125 1862 1452 1943 sedandis,
1477 1862 1586 1928 die
1617 1862 1889 1928 Veneris
1916 1862 2221 1950 proxima
2249 1868 2409 1930 ante
2428 1864 2697 1930 Festum
2720 1864 2924 1931 Sanc·

819 1970 854 1997 “
902 1970 1123 2030 torum
1179 1963 1469 2030 Simonis
1537 1969 1608 2029 et
1669 1964 1891 2041 Judae,
1937 1986 2114 2031 anno
2160 1965 2349 2053 regni
2397 1965 2598 2052 Regis
2643 1967 2921 2032 Henriei

820 2073 853 2098 ‘⁶
902 2066 1093 2132 Sexti
1137 2065 1437 2153 ²quinto,
1483 2071 1705 2153 partes
1751 2066 2089 2154 praedictae
2134 2067 2586 2133 submiserunt
2631 2091 2701 2133 se
2746 2074 2924 2135 stare

818 2174 853 2202 “
900 2167 1322 2248 ordinationi,
1372 2166 1934 2250 determinationi,
1982 2174 2052 2233 et
2106 2169 2380 2255 judicio,
2426 2169 2747 2235 willelmi
2795 2171 2921 2236 Ba-

819 2276 854 2302 “
901 2269 1259 2357 byngtone,
1301 2269 1552 2351 militis,
1596 2269 1922 2356 Capitalis
1967 2271 2015 2335 J
2019 2271 2342 2338 usticiarii
2387 2272 2660 2339 Domini
2725 2274 2922 2361 Regis

818 2377 855 2405 “
902 2371 984 2435 de
1029 2372 1383 2438 Communi
1428 2372 1671 2451 Bane0,
1716 2373 1911 2438 electi
1976 2395 2095 2461 per
2157 2379 2380 2461 partes
2441 2376 2794 2461 praedietas
2837 2376 2922 2441 ad

819 2480 856 2513 “
902 2473 1340 2540 ordinandum
1386 2474 1694 2554 finaliter,
1731 2474 2330 2557 determinandum,
2364 2482 2435 2542 et
2467 2477 2918 2562 judicandum,

818 2582 853 2609 ‘⁴
900 2575 983 2640 de
1027 2582 1097 2642 et
1140 2598 1337 2663 super
1380 2577 1750 2663 praemissis.
1862 2578 1956 2644 Et
2022 2583 2483 2646 concesserunt
2542 2602 2611 2646 se
2655 2580 2917 2646 ordinap

818 2685 855 2714 “
903 2678 1169 2757 tionem,
1215 2679 1855 2758 determinationem,
1901 2686 1971 2746 et
2030 2682 2359 2777 judicium
2414 2682 2815 2768 hujusmodi,
2863 2683 2920 2748 si

816 2788 852 2815 “
901 2801 1050 2866 quae
1097 2781 1168 2845 in
1213 2782 1566 2869 praemissis
1602 2805 1719 2869 per
1765 2783 2121 2870 plaefatum
2163 2783 2569 2851 willelmum
2610 2786 2921 2873 Babyng-

816 2889 852 2917 “
901 2888 1055 2948 tone
1101 2884 1280 2949 facta
1323 2884 1590 2964 fuerint,
1658 2909 1742 2950 ex
1810 2892 2001 2974 parte
2044 2910 2165 2954 sua
2207 2887 2492 2954 fideliter
2535 2888 2914 2975 adimplere.

815 2992 852 3021 “
900 2985 1033 3066 Qui
1078 2987 1344 3071 quidem
1391 2986 1765 3053 Willelmus
1811 2989 2269 3077 Babyngtone,
2314 2995 2579 3078 accepto
2622 3013 2820 3077 super
2848 3013 2918 3057 se

816 3094 850 3122 ‘⁴
898 3109 1093 3154 onere
1161 3088 1616 3170 ordinationis,
1664 3091 2255 3171 determinationis,
2301 3097 2372 3159 et
2429 3093 2685 3179 judicii,
2745 3115 2916 3181 prae-

812 3199 845 3227 “
892 3192 1237 3274 dictorum,
1292 3192 1744 3280 accipiensque
1794 3193 2173 3262 «Iohannem
2206 3196 2606 3276 Cotesmore,
2635 3194 2918 3263 alterum

814 3301 850 3330 “
896 3294 942 3361 J
948 3295 1357 3362 usticiarium
1407 3296 1679 3361 Domini
1730 3297 1933 3384 Regis
1989 3298 2072 3365 de
2127 3299 2356 3366 eodem
2406 3299 2645 3379 Banco,
2677 3297 2804 3365 sibi
2845 3298 2917 3364 in

811 3407 846 3436 “
891 3398 1352 3484 coadjutorem,
1383 3399 1758 3465 convocatis
1788 3421 2009 3466 coram
2057 3423 2127 3467 se
2180 3406 2248 3467 et
2301 3401 2581 3488 praefato
2611 3400 2660 3466 J
2661 3400 2916 3468 ohanne

810 3509 848 3537 “
894 3501 1272 3568 Cotesmore
1313 3502 1615 3589 partibus
1659 3502 1996 3590 praedietis
2062 3503 2148 3570 ad
2224 3503 2445 3592 plures
2520 3503 2677 3585 dies,
2731 3503 2917 3570 audi·

814 3611 852 3639 “
898 3602 1117 3689 tisque
1177 3610 1248 3670 et
1307 3605 1707 3672 examinatis
1781 3605 1810 3647 ⁸
1829 3607 2188 3673 earundem
2248 3608 2541 3694 partium
2619 3607 2915 3674 articulis

813 3713 851 3743 “
893 3706 1323 3792 querelarum,
1369 3708 1922 3794 responsionibus,
1976 3709 2497 3797 allegationibus,
2548 3714 2619 3777 et
2677 3711 2914 3798 proba-

814 3815 848 3843 “
896 3807 1207 3891 tionibus,
1261 3809 1784 3898 quibuscunque,
1837 3811 2198 3899 habitaque
2251 3812 2409 3878 inde
2453 3813 2632 3879 inter
2683 3814 2912 3900 praefa·

808 3917 847 3949 “
894 3915 1037 3977 tum
1087 3910 1492 3977 willelmum
1544 3913 1987 4001 Babyngtone
2027 3921 2096 3980 et
2126 3915 2172 3982 J
2176 3915 2502 3981 ohannem
2535 3916 2915 3982 Cotesmore

812 4020 846 4053 “
895 4014 1365 4082 deliberatione
1418 4021 1698 4096 matura,
1752 4017 2024 4084 tandem
2085 4017 2193 4084 die
2259 4018 2563 4084 Mercurii
2612 4019 2914 4105 proxima

809 4130 844 4161 “
890 4123 1040 4206 post
1093 4118 1365 4185 Festum
1396 4120 1657 4187 Sanctae
1693 4120 2060 4199 Trinitatis,
2094 4143 2271 4186 anno
2320 4121 2677 4208 supradicti
2711 4122 2913 4208 Regis

811 4230 846 4261 “
892 4244 1086 4304 non0,
1120 4222 1297 4310 apud
1350 4221 1669 4288 Sanctum
1702 4223 2058 4306 Albanum,
2102 4225 2174 4288 in
2223 4225 2577 4312 praesentia
2618 4224 2910 4312 partium

808 4333 845 4362 “
889 4325 1435 4411 supradictarum,
1468 4330 1537 4390 et
1580 4347 1666 4390 ex
1711 4347 1938 4391 earum
1981 4347 2251 4392 assensu
2281 4320 2352 4392 et
2379 4349 2716 4408 consensu,
2744 4349 2911 4416 prae-

808 4435 842 4463 “
886 4427 1064 4493 fatus
1112 4427 1481 4493 Willelmus
1540 4428 1980 4516 Babyngtone
2027 4430 2382 4509 ordinavit,
2439 4429 2735 4497 finaliter
2796 4429 2908 4497 de-

876 4754 891 4787 ¹
910 4753 1282 4806 dissentionibtoe
1305 4755 1357 4806 in
1380 4756 1494 4808 MS.
1622 4782 1631 4789 =
1903 4758 1937 4785 “
1950 4772 2073 4807 nono
2088 4755 2139 4806 .·’'
2172 4771 2256 4808 see
2279 4755 2458 4807 below.

871 4833 893 4866 ²
917 4833 1044 4885 This
1080 4833 1122 4885 is
1157 4835 1400 4900 probably
1435 4850 1502 4887 an
1539 4848 1685 4888 error
1727 4834 1811 4887 for
1967 4836 1989 4868 ³
2010 4834 2242 4887 erm-dem
2262 4835 2316 4886 in
2338 4834 2452 4886 MS.
