3467 5717
789 840 874 905 90
1460 850 1773 902 ANNALES
1815 851 2238 902 MONAerRn

445 1050 756 1109 A.n.1421‚2.
784 1037 1066 1118 musicae,
1100 1039 1286 1124 cujus
1335 1038 1499 1104 artis
1545 1036 1571 1075 1
1594 1038 1906 1104 scholaris
1964 1039 2202 1122 fuerat,
2245 1039 2301 1104 si
2353 1041 2625 1125 gustare
2675 1038 2896 1115 vellet,

784 1140 1129 1206 scientiam
1176 1141 1641 1227 compromisit.

446 1254 663 1305 Further
874 1243 1122 1308 Videns
1184 1243 1389 1308 frater
1448 1241 1475 1281 2
1491 1242 1841 1310 foemineus
1899 1265 2102 1329 quam
2184 1241 2492 1309 melleum
2568 1246 2712 1309 erat
2773 1242 2897 1309 hoc

448 1319 740 1453 ffifffflp‘jf
782 1367 1052 1432 pomum
1101 1346 1175 1409 in
1226 1351 1449 1433 gustu,
1481 1368 1682 1433 quam
1743 1368 2017 1412 aureum
2065 1347 2138 1412 in
2187 1346 2354 1424 visu,
2385 1368 2584 1432 quam
2625 1347 2897 1433 insuper

450 1454 624 1506 tation.
784 1447 1111 1531 melleum,
1163 1470 1456 1530 aureum,
1505 1471 1582 1514 ac
1640 1454 2048 1536 argenteum,
2096 1449 2168 1513 in
2220 1448 2484 1527 olfactu,
2524 1448 2716 1516 sibilo
2763 1470 2894 1514 ser-

783 1551 1061 1639 pentino
1106 1550 1133 1589 3
1153 1551 1504 1630 consensit,
1537 1552 1977 1638 muliebrique
2022 1553 2279 1638 impetu
2338 1574 2606 1639 pomum
2658 1551 2897 1638 arripi-

783 1675 918 1735 ens,
965 1654 1159 1741 pleno
1208 1677 1319 1719 ore
1365 1654 1741 1735 momordit,
1791 1654 2190 1741 plenumque
2227 1653 2309 1719 de
2353 1654 2895 1741 commigratione

784 1756 1078 1822 tentanti
1109 1755 1374 1822 colubro
1404 1778 1792 1823 consensum
1823 1756 2024 1823 dedit.
2105 1757 2444 1824 Consensu
2465 1756 2700 1843 utique
2729 1778 2895 1844 prae·

784 1857 964 1937 stit0,
1014 1863 1085 1925 et
1129 1863 1397 1946 peccato
1459 1857 2003 1946 transgressionis
2061 1858 2138 1924 in
2194 1858 2222 1897 ‘¹
2241 1859 2484 1925 habitu
2535 1859 2895 1935 commisse,

784 1958 1270 2048 ⁶imaginatum
1347 1961 1893 2048 ingeniatumque
1987 1966 2089 2027 est
2161 1961 2476 2028 hincinde
2554 1984 2634 2028 ea
2715 1958 2742 1999 ⁶
2764 1984 2898 2047 qua

784 2066 1004 2131 valuit
1061 2065 1473 2139 clandestina
1531 2067 1920 2147 calliditate,
1982 2066 2308 2153 quomodo
2383 2066 2591 2132 frater
2658 2066 2897 2153 lapsuS,

785 2173 990 2234 exuta
1033 2168 1560 2235 immortalitatis
1607 2168 1881 2248 cuculla,
1923 2168 2287 2252 mortalem,
2338 2191 2456 2256 per
2501 2174 2727 2236 actum
2775 2168 2897 2233 mi-

783 2272 1121 2358 grationis,
1182 2272 1459 2338 induere
1537 2278 1756 2359 posset
1839 2272 2157 2359 tunicam,
2219 2272 2592 2360 rejectoque
2655 2270 2897 2337 habitu

785 2373 1123 2461 originalis
1174 2375 1480 2462 justitiae,
1530 2376 1618 2441 ad
1666 2379 1916 2442 statum
1981 2376 2205 2462 lapsus
2259 2380 2481 2461 posset
2528 2374 2896 2467 procedere,

784 2498 859 2541 ac
917 2477 1311 2563 primaevum
1370 2479 1745 2565 relinquere
1803 2477 2201 2544 innocentiae
2275 2478 2572 2565 gradum.
2695 2478 2896 2544 Unde

784 2578 1094 2645 ardenter
1140 2580 1305 2645 adeo
1347 2581 1504 2646 huic
1546 2581 1923 2667 scrupuloso
1960 2580 2301 2647 indultum
2353 2586 2455 2647 est
2501 2581 2786 2667 negoti0‚
2817 2585 2896 2645 ut

447 2711 525 2761 At
546 2710 630 2761 the
785 2681 1057 2747 tandem
1116 2682 1663 2770 Archiepiscopus
1722 2684 1980 2749 medius
2053 2683 2260 2761 fieret,
2322 2689 2390 2749 et
2451 2706 2570 2770 pro
2627 2683 2896 2749 licentia

446 2778 616 2894 ffrgh·
679 2844 706 2895 f
782 2782 1005 2849 fratris
1034 2785 1395 2871 porrigeret
1422 2807 1660 2872 preces»,
1691 2809 1769 2852 ac
1797 2785 2164 2852 instantius
2194 2786 2607 2873 supplicaret.
2702 2784 2894 2866 Quod

447 2861 678 2962 οῗῃῗξζ)
784 2885 1084 2952 Paradisi
1124 2892 1349 2974 pastor
1396 2885 1422 2929 ⁷
1444 2888 1829 2976 percipiens,
1861 2888 2505 2976 praeintelligensque
2535 2890 2608 2954 in
2639 2888 2895 2974 Regula

450 2978 620 3043 bury’s
783 2988 921 3054 fore
982 2989 1448 3077 scriptum,—“
1466 2990 1542 3057 Si
1601 2991 1888 3057 infidelis
1949 2992 2278 3059 discedere
2335 2992 2523 3070 velit,
2584 2990 2893 3069 discedat,
2939 3028 2940 3035 κ

448 3051 735 3189 ἷξὲυιξῗῇοι
784 3099 819 3125 “
848 3113 934 3157 ne
992 3094 1399 3159 contaminet
1449 3115 1717 3181 gregem
1787 3094 2062 3173 totum,’'
2122 3094 2419 3160 tunicam
2474 3093 2893 3182 migrationis

447 3193 593 3294 Ῑὲὲζξζ
610 3179 715 3294 ltnom
784 3193 978 3259 fratri
1031 3197 1253 3262 texuit
1297 3194 1323 3233 ⁸
1340 3196 1694 3283 pelliceam,
1724 3220 1801 3262 ac
1851 3201 2045 3263 extra
2096 3196 2484 3263 Paradisum
2514 3218 2668 3262 eum
2698 3196 2891 3262 emit-

448 3310 673 3377 migrate.
785 3299 953 3375 tens,
982 3297 1339 3381 licentiam,
1385 3299 1459 3364 in
1503 3298 1715 3365 forma
1767 3323 1917 3387 quae
1962 3300 2282 3387 sequitur,
2333 3300 2536 3378 dedit,
2585 3304 2666 3365 ut
2719 3298 2888 3365 Can-

786 3401 1141 3468 tuariensis
1187 3402 1474 3469 ecclesiae
1541 3408 1791 3469 terram
1853 3400 1881 3441 ⁹
1911 3408 2312 3491 operaretur,
2358 3408 2428 3469 et
2472 3402 2890 3469 inhabitaret

786 3524 1040 3570 eam.—

446 3617 601 3697 Fomg
624 3619 685 3669 of
877 3614 912 3640 “
942 3606 989 3671 J
992 3606 1301 3685 ohannes,
1346 3606 1576 3673 divina
1621 3608 1967 3696 patientia,
1997 3608 2226 3675 Abbas
2277 3608 2576 3697 exempti
2625 3608 2892 3675 Monas·

448 3686 534 3735 ²¹¹³
555 3686 741 3736 ΜΘΝ
787 3716 819 3743 ‘c
868 3707 1020 3773 terii
1083 3708 1312 3775 sancti
1370 3709 1640 3790 Albani,
1703 3710 1975 3777 ordinis
2035 3711 2266 3778 sancti
2325 3710 2692 3790 Benedicti,
2734 3712 2890 3777 Lin-

448 3767 507 3869 ῗὲ
526 3768 756 3885 Ξῖἔξέιε.
790 3816 827 3844 “
871 3809 1217 3876 colniensis
1268 3811 1600 3893 Dioecesis,
1633 3813 1874 3880 dilecto
1927 3813 2001 3879 in
2050 3815 2314 3881 Christo
2366 3813 2522 3897 filio,
2555 3813 2888 3881 Willelmo

787 3920 819 3947 “
869 3909 919 3951 ¹⁰
936 3914 1235 3994 Poverse‚
1263 3914 1554 4001 ejusdem
1597 3914 1724 3983 loci
1775 3915 2095 3984 monacho
2146 3922 2214 3983 et
2261 3916 2569 4005 professo,
2605 3917 2887 3983 salutem

854 4204 867 4238 ¹
891 4206 1092 4258 scolaris
1115 4205 1168 4256 in
1189 4204 1304 4258 MS.
1878 4206 2030 4259 neath
2052 4206 2204 4260 them.
2274 4207 2422 4274 They
2443 4222 2529 4260 are
2561 4207 2801 4272 retained,
2834 4225 2890 4260 as

853 4289 874 4316 2
895 4287 983 4336 An
1026 4286 1233 4350 implied
1271 4286 1585 4351 comparison
1620 4286 1682 4339 of
1704 4284 1787 4339 'his
1877 4287 2029 4354 being
2063 4288 2293 4353 required
2326 4291 2395 4356 by
2418 4292 2451 4318 ‘⁴
2470 4286 2581 4354 ea,”
2603 4288 2770 4342 which
2799 4289 2892 4340 has

785 4366 1041 4416 weakness
1058 4366 1181 4416 with
1202 4365 1312 4416 that
1333 4367 1393 4416 of
1406 4366 1529 4417 Eve.
1878 4382 1945 4418 no
1967 4368 2091 4418 such
2112 4368 2302 4419 marka

850 4444 872 4476 ³
893 4444 1131 4494 concensu
1155 4443 1205 4493 in
1228 4444 1342 4495 MS.
1950 4443 1972 4482 7
1993 4447 2281 4512 parcipiens
2302 4445 2357 4497 in
2378 4447 2493 4500 MS.

850 4524 869 4554 ⁴
894 4524 956 4573 In
980 4523 1188 4574 allusion
1210 4531 1264 4573 to
1296 4523 1504 4575 Genesis
1525 4524 1595 4576 iii.
1624 4527 1666 4577 7.
1947 4528 1967 4556 ⁸
1996 4527 2202 4577 Genesi-s·
2223 4526 2291 4577 iii.
2320 4534 2402 4578 21.

849 4605 869 4633 ⁵
885 4603 1214 4667 ymaqimtum
1235 4600 1287 4652 in
1304 4602 1418 4656 MS.
1943 4606 1964 4637 ⁹
1990 4606 2052 4655 In
2075 4605 2288 4658 allusion
2315 4615 2366 4659 to
2394 4607 2603 4658 Genesis
2626 4605 2696 4658 iii.
2727 4610 2801 4659 17.

848 4680 869 4713 ⁰
891 4681 1020 4731 This
1075 4683 1174 4732 and
1215 4682 1303 4733 the
1337 4683 1477 4734 three
1526 4684 1785 4749 following
1945 4684 1985 4717 ¹⁰
2007 4684 2137 4737 This
2158 4701 2304 4738 name
2323 4687 2367 4738 is
2382 4685 2632 4749 doubtful,
2651 4684 2816 4737 Ροῐΐεε
2837 4685 2892 4735 in

782 4763 946 4814 words
973 4762 1103 4814 have
1138 4770 1456 4828 expunctory
1489 4762 1662 4815 marks
1696 4764 1783 4815 be·
1877 4764 2002 4830 orig.
