3467 5717
858 874 900 935 3
905 874 988 935 68
1526 885 1840 938 ANNALES
1881 887 2306 941 MONAS'mRn

518 1087 659 1140 ΑΒ.
686 1090 830 1137 1433.
945 1077 985 1108 “
1014 1071 1179 1137 Viro
1226 1072 1591 1138 venerabili
1634 1076 1705 1139 et
1750 1073 2010 1157 devoto,
2059 1074 2352 1140 Domino
2398 1074 2448 1140 J
2448 1075 2698 1141 ohanni
2745 1076 2960 1163 Juyn,

518 1172 632 1288 ffht?
654 1170 783 1286 ᾗ
856 1179 894 1209 “
943 1175 1170 1254 Militi,
1226 1181 1296 1241 et
1364 1175 1656 1262 Capitali
1716 1175 1801 1242 de
1859 1177 2199 1244 Scaccario
2243 1177 2518 1244 Domini
2567 1179 2770 1267 Regis
2826 1181 2957 1245 Ba-

519 1252 700 1381 ιθἹ-,εορ
721 1301 824 1353 this
859 1282 897 1314 “
940 1278 1106 1358 roni,
1167 1276 1214 1342 J
1216 1278 1525 1360 ohannes,
1585 1278 2008 1345 miseratione
2068 1279 2321 1363 divina,
2376 1279 2608 1364 Abbas
2666 1283 2963 1369 exempti

517 1384 765 1422 oecmon.
861 1385 897 1414 “
943 1379 1332 1446 Monasterii
1378 1379 1609 1445 Sancti
1658 1379 1926 1458 Albani,
1979 1386 2296 1467 totusque
2348 1381 2735 1449 Conventus
2786 1385 2964 1471 ejus·

864 1486 901 1516 “
946 1481 1094 1546 dem
1177 1480 1324 1560 loci,
1404 1480 1702 1562 salutem,
1766 1482 2071 1569 gratiam,
2139 1489 2211 1549 et
2285 1505 2671 1563 successum,
2738 1486 2959 1572 sicque

861 1593 901 1624 “
944 1583 1228 1651 transire
1277 1605 1395 1671 per
1444 1582 1620 1649 bona
1663 1583 2074 1671 temporalia,
2117 1590 2197 1650 ut
2254 1586 2545 1665 tandem,
2591 1592 2743 1674 post
2785 1610 2961 1654 com-

858 1697 894 1724 “
936 1687 1191 1773 pletum
1235 1686 1615 1766 transitum,
1661 1686 2007 1773 pervenire
2066 1687 2373 1773 poteritis
2432 1689 2520 1754 ad
2593 1695 2959 1756 aeterna.—

857 1795 895 1825 “
940 1788 1490 1855 Praehonorabilis
1535 1786 1837 1867 Domine,
1891 1793 1961 1854 et
2009 1788 2239 1855 «Iudex
2288 1790 2522 1856 merito
2570 1812 2693 1877 pro
2735 1798 2960 1859 vestro

856 1898 895 1928 “
939 1890 1267 1958 consortio
1307 1891 1382 1955 in
1409 1889 1683 1976 judiciis
1718 1889 2330 1977 praeferenda—Et
2372 1892 2620 1980 regulis
2676 1895 2960 1963 rationis

854 1998 893 2029 “
936 1992 1352 2075 instruimur,
1413 1991 1499 2057 ab
1566 1991 2065 2078 honestatisque
2139 1993 2434 2060 moribus
2496 1993 2957 2079 informamur,

850 2102 891 2132 “
936 2095 1114 2182 quod
1171 2093 1447 2181 singulis
1507 2093 1813 2180 quamvis
1892 2094 2139 2160 nostris
2176 2095 2550 2161 *benevolis
2610 2101 2958 2164 teneamur

857 2202 892 2234 “
936 2197 1152 2263 indies
1202 2195 1539 2262 effundere
1588 2194 1769 2284 apud
1818 2194 2243 2262 Altissimum
2291 2198 2612 2286 suffragia
2668 2201 2957 2287 pietatis,

853 2307 891 2337 “
934 2320 1056 2387 pro
1114 2297 1246 2364 hiis
1304 2301 1532 2364 tamen
1591 2298 1934 2385 signanter
1992 2298 2291 2386 amplius,
2349 2300 2691 2387 magisque
2750 2304 2956 2389 speci-

852 2412 888 2439 “
932 2402 1071 2481 fice,
1138 2400 1254 2486 qui
1323 2400 1397 2465 in
1465 2403 1840 2467 nostrorum
1903 2400 2260 2466 tuitionem
2314 2401 2576 2488 jurium
2648 2404 2952 2470 ascende-

851 2508 886 2541 “
931 2507 1113 2584 runt,
1154 2502 1439 2569 viriliter
1481 2522 1567 2567 ex
1611 2502 1905 2583 adverso,
1951 2502 2259 2587 interque
2302 2502 2561 2570 labores
2615 2506 2831 2572 varios
2876 2528 2954 2573 ac

852 2612 888 2643 “
933 2604 1340 2685 vexationes,
1370 2603 1772 2682 nullatenus,
1811 2608 2064 2670 terrore
2094 2603 2304 2692 partis
2342 2604 2657 2686 adversae,
2688 2629 2953 2695 respex-

846 2713 886 2746 “
927 2710 1126 2773 erunt
1196 2709 1392 2772 retro,
1505 2704 1845 2788 Quocirca,
1889 2711 2082 2795 pater
2137 2728 2215 2772 ae
2272 2706 2481 2773 frater
2537 2709 2952 2795 praehonora-

848 2820 887 2850 “
929 2811 1102 2894 bilis,
1164 2808 1327 2874 dum
1387 2813 1684 2874 recenter
1742 2809 2123 2896 reponimus
2184 2814 2341 2875 ante
2415 2810 2633 2875 oculos
2700 2816 2952 2878 nostrae

850 2920 886 2952 “
928 2912 1239 2982 mentalis
1285 2909 1939 2989 commemorationis,
1988 2914 2291 2997 quantas,
2339 2932 2536 2997 quam
2577 2933 2947 2999 gravesque

848 3024 887 3055 “
931 3038 1009 3083 ac
1051 3012 1443 3101 fatigabiles,
1474 3033 1593 3078 vos
1637 3012 1711 3077 in
1755 3033 2030 3100 persona
2058 3017 2285 3079 vestra
2312 3013 2717 3079 sustinuistis
2743 3035 2951 3079 vexa-

850 3127 889 3160 “
931 3120 1148 3187 tiones
1198 3138 1275 3183 ac
1317 3115 1576 3182 labores
1622 3137 1741 3202 pro
1788 3116 2031 3205 exigua
2083 3138 2280 3183 causa
2329 3122 2573 3196 nostra,
2619 3137 2951 3204 quamque

850 3228 889 3261 “
932 3226 1157 3288 mente
1218 3219 1446 3286 stabili
1498 3218 1787 3305 fortique
1855 3219 2077 3284 animo
2137 3217 2419 3284 stetistis
2475 3218 2657 3284 inter
2711 3225 2952 3284 ventos

846 3331 888 3363 “
931 3324 1166 3404 varios,
1225 3345 1301 3389 ac
1374 3320 1400 3361 ¹
1418 3320 1814 3387 multifarios
1875 3320 2222 3387 verborum
2294 3320 2634 3407 impulsus,
2695 3342 2953 3407 semper

847 3433 886 3465 “
929 3425 1312 3493 inflexibilis
1370 3424 1444 3489 in
1493 3423 1748 3511 judicio
1801 3428 2041 3503 vestro,
2087 3424 2382 3510 cogimur
2432 3423 2679 3488 nedum
2736 3422 2950 3489 Altis-

846 3535 886 3565 “
929 3529 1096 3595 simo
1140 3527 1390 3615 gratias
1434 3525 1727 3607 reddere,
1758 3525 1876 3612 qui
1920 3525 2141 3604 talem,
2187 3523 2518 3612 pendente
2561 3546 2760 3590 causa
2802 3546 2953 3590 nos-

846 3638 884 3665 “
926 3635 1055 3711 tra,
1104 3633 1511 3695 concesserat
1558 3627 1856 3713 judicem
1916 3627 2004 3692 ad
2063 3627 2420 3694 tuitionem
2464 3647 2831 3714 pauperum
2875 3627 2949 3691 in

845 3738 883 3768 “
929 3731 1268 3799 Seaccario
1311 3729 1636 3810 residere3
1682 3726 1710 3767 ²
1724 3730 2091 3816 quinimmo
2134 3729 2434 3810 ulterius,
2464 3728 2787 3815 quicquid
2829 3728 2950 3794 sci-

844 3842 882 3871 “
925 3854 1092 3917 mus,
1134 3853 1495 3919 possumus,
1538 3837 1659 3898 aut
1702 3831 2075 3912 sufficimus,
2120 3830 2498 3920 impendere
2544 3830 2620 3896 in
2663 3829 2949 3918 compla-

846 3943 885 3974 “
928 3936 1214 4004 centiam
1240 3938 1483 4001 vestrae
1526 3933 1949 4021 paternitatis
1992 3932 2555 4020 praehonorandae.
2649 3930 2744 3997 Et
2789 3931 2950 4018 quia

842 4045 881 4076 “
924 4039 1014 4105 ad
1069 4058 1356 4126 praesens
1413 4034 1593 4103 docti
1652 4039 1905 4102 stamus
1964 4035 2291 4122 quomodo
2349 4056 2468 4123 pro
2527 4033 2755 4100 labore
2807 4055 2947 4101 cor-

840 4147 878 4178 “
924 4140 1136 4229 porali
1191 4139 1403 4227 magis
1460 4137 1896 4226 spiritualiter
1947 4158 2148 4223 quam
2192 4135 2645 4225 temporaliter
2690 4135 2947 4202 deside-

841 4249 879 4280 “
923 4242 1090 4309 ratis
1137 4241 1327 4309 vobis
1383 4239 1682 4321 retribui,
1729 4238 1880 4305 ideo
1936 4243 2078 4304 tam
2123 4239 2315 4304 vobis
2366 4260 2565 4325 quam
2616 4236 2948 4325 praeclarae

845 4350 882 4381 “
927 4344 1251 4427 Dominae,
1299 4342 1607 4410 Dominae
1652 4342 1756 4424 N„
1801 4339 1997 4407 uxori
2041 4347 2298 4424 vestrae,
2344 4363 2463 4429 per
2507 4340 2781 4407 modum
2823 4338 2948 4403 hu·

847 4456 884 4487 “
918 4446 1216 4538 jusmodi
1270 4444 1636 4534 spiritualis
1701 4442 2180 4523 retributionis,
2238 4464 2324 4509 ex
2382 4447 2526 4509 toto
2585 4441 2797 4522 corde,
2858 4461 2946 4505 ex

843 4562 879 4593 “
922 4556 1073 4632 tota
1126 4553 1369 4630 mente,
1431 4568 1518 4614 ex
1576 4545 2014 4634 omnibusque
2072 4544 2320 4612 nostris
2381 4544 2657 4625 viribus,
2718 4562 2943 4610 conce-

913 4811 930 4844 ἱ
951 4806 1290 4874 multiplum-ios
1311 4805 1366 4860 in
1386 4803 1502 4860 MS.
1880 4802 1894 4869 Ι
1974 4801 2006 4837 -2
2028 4804 2294 4867 quin-mmo
2314 4800 2369 4852 in
2390 4800 2504 4855 MS.
