3467 5717
823 829 954 894 412
1610 836 1968 888 APPENDIX
2018 820 2136 906 (A).

822 1036 860 1067 “
906 1050 1329 1116 nequaquam
1373 1027 1646 1094 valeant
1692 1025 1982 1105 extrahi,
2029 1024 2239 1091 donec
2284 1025 2402 1112 qui
2443 1025 2528 1091 de
2570 1025 2731 1091 limo
2780 1046 2939 1091 nas·

821 1139 858 1169 “
902 1137 1147 1198 cuntur
1212 1131 1456 1195 iterum
1525 1129 1596 1193 in
1664 1128 1897 1193 limum
1952 1127 2249 1193 habeant
2308 1127 2596 1207 reverti3
2658 1126 2932 1193 secundi

822 1241 857 1271 “
903 1257 1062 1300 vero
1122 1234 1222 1299 ita
1280 1233 1354 1297 in
1406 1229 1767 1297 altitudine
1819 1230 2021 1295 maris
2064 1230 2365 1308 veniunt,
2411 1236 2491 1296 ut
2549 1229 2934 1307 nullatenus

822 1343 860 1373 “
905 1336 1187 1424 gratiam
1234 1333 1577 1421 repetendi
1623 1337 1891 1419 portum
1936 1331 2249 1409 habeant,
2284 1331 2666 1419 priusquam
2698 1331 2933 1397 obvol-

824 1446 860 1477 “
903 1444 1153 1504 vantur
1197 1443 1316 1503 aut
1361 1436 1649 1503 lasciviae
1692 1435 2021 1515 fluctibus,
2056 1440 2177 1501 aut
2219 1457 2263 1501 a
2304 1438 2699 1520 tempestate
2727 1454 2934 1520 penu-

823 1548 860 1578 “
906 1542 1023 1606 riae
1069 1539 1338 1626 penitus
1383 1536 1663 1603 demersi
1710 1537 1867 1619 sint,
1900 1536 2385 1624 praescribimus
2430 1536 2637 1613 vobis,
2666 1540 2737 1602 et
2764 1557 2932 1623 prae-

821 1649 860 1680 “
903 1662 1262 1718 monemuS,
1291 1641 1392 1705 ita
1420 1639 1502 1705 de
1531 1639 1661 1704 hiis
1687 1638 2032 1705 bifurcatis
2063 1638 2534 1725 negotiationis
2565 1658 2933 1725 praecavere

823 1753 857 1780 “
901 1744 1246 1823 limitibus,
1295 1749 1624 1827 quatenus
1669 1763 1820 1806 cum
1851 1764 1891 1805 a
1924 1741 2110 1807 vobis
2155 1762 2445 1806 seorsum
2476 1739 2932 1826 postulabitur

823 1852 860 1881 “
907 1847 1038 1911 ista
1082 1842 1496 1930 quaestio‚—¹
1518 1853 1532 1878 ‘
1560 1843 1923 1924 Quantum,
1966 1843 2060 1907 mi
2107 1864 2309 1921 serve,
2341 1841 2830 1929 superlucratus
2861 1862 2930 1906 es

824 1954 856 1983 ‘⁴
908 1954 923 1983 ‘
954 1949 1028 2013 in
1096 1947 1360 2034 negotio
1406 1946 1565 2024 tu0‚’
1632 1951 1728 2023 tn,
1780 1946 1895 2031 qui
1955 1944 2065 2011 vel
2125 1946 2256 2010 duo
2305 1945 2412 2010 vel
2476 1945 2769 2030 quinque
2828 1948 2932 2008 ta-

825 2057 862 2085 “
907 2049 1094 2115 lenta
1137 2071 1178 2113 a
1222 2047 1414 2113 nobis
1458 2048 1530 2111 in
1578 2047 2140 2133 dispensationem
2202 2047 2581 2133 susceperis,
2627 2045 2951 2131 protinus-

822 2158 859 2186 “
905 2151 987 2216 de
1053 2151 1255 2237 duplo
1320 2149 1783 2215 excrescentiae
1845 2148 2028 2214 lucro
2092 2148 2358 2215 domino
2425 2154 2545 2214 tuo
2605 2146 2933 2234 quaerenti

826 2261 858 2292 “
906 2253 1295 2340 respondere
1340 2273 1557 2338 queas.
1654 2250 1831 2331 Quia
1858 2250 2318 2329 infallibiliter,
2349 2251 2405 2316 si
2437 2250 2585 2336 quis
2614 2255 2933 2328 vesti-w,

823 2362 862 2392 “
908 2355 1352 2422 sollicitudine
1415 2352 1801 2440 postposita,
1846 2352 2217 2439 confugerit
2275 2353 2363 2418 ad
2423 2352 2791 2440 segnitiem,
2837 2356 2929 2431 et,

826 2465 860 2493 “
907 2458 1050 2523 ficti
1096 2457 1355 2523 timoris
1405 2460 1734 2542 praetenso
1799 2455 2046 2541 clypeo,
2102 2476 2327 2519 mnam
2373 2454 2755 2541 temporalis
2814 2453 2936 2518 ad-

824 2567 860 2596 “
906 2557 1437 2635 ministrationis,
1486 2557 1615 2622 sibi
1661 2556 1988 2633 collatam,
2036 2556 2185 2622 ideo
2230 2557 2304 2621 in
2369 2554 2397 2593 ²
2418 2557 2684 2621 sudario
2744 2577 2933 2642 repo-

821 2670 853 2696 “
901 2659 1127 2739 suerit,
1171 2660 1359 2746 quasi
1408 2664 1637 2723 nostra
1681 2659 1853 2724 solet
1898 2660 2253 2724 austeritas
2305 2657 2484 2744 quod
2528 2679 2663 2724 non
2707 2657 2934 2744 posuit

823 2771 858 2798 “
905 2761 1154 2841 tollere,
1201 2765 1272 2825 et
1315 2764 1565 2825 metere
1611 2760 1790 2846 quod
1837 2781 1973 2825 non
2035 2761 2410 2842 seminavit,
2460 2781 2596 2840 nos,
2644 2759 2933 2824 hominis

822 2871 862 2899 “
909 2862 1291 2950 Evangelici
1351 2862 1776 2948 insequemur
1820 2862 2123 2950 vestigia,
2173 2885 2323 2929 cum
2382 2883 2581 2948 eaque
2640 2860 2931 2926 austeri-

827 2973 862 3001 “
908 2970 1050 3031 tate
1117 2985 1320 3052 quam
1388 2964 1769 3051 praetendit,
1818 2963 2188 3030 auferemus
2233 2966 2318 3029 ab
2378 2985 2452 3030 eo
2509 2985 2732 3028 mnam
2793 2961 2933 3027 sibi

828 3075 864 3102 “
907 3066 1340 3145 commissam,
1375 3065 1809 3151 dabimusque
1838 3086 1982 3131 eam
2027 3067 2235 3143 alteri,
2267 3067 2383 3151 qui
2429 3087 2578 3131 cum
2623 3063 2931 3150 ampliori

825 3175 862 3205 “
907 3168 1091 3233 lucro
1136 3169 1454 3232 executus
1500 3170 1602 3231 est
1649 3167 1921 3254 negotia
1962 3188 2097 3233 sua.
2189 3166 2330 3233 Nec
2375 3187 2719 3254 parcemus
2747 3165 2818 3230 in
2850 3185 2932 3230 ca

826 3278 863 3306 “
909 3274 1115 3357 parte,
1161 3268 1445 3334 credatis
1487 3267 1785 3345 firmiter,
1815 3268 1915 3332 ita
1958 3268 2185 3348 facere,
2218 3269 2524 3354 quamvis
2567 3260 2685 3354 per
2714 3271 2934 3331 astan-

828 3379 866 3408 “
909 3377 1031 3453 tes,
1078 3376 1146 3435 et
1213 3392 1330 3458 per
1389 3369 1568 3434 illius
1634 3368 1855 3434 forsan
1917 3370 1989 3433 in
2051 3367 2078 3408 ⁸
2101 3370 2508 3457 negligentia
2569 3364 2932 3454 complioes,

827 3480 865 3508 “
909 3472 1101 3538 nobis
1148 3471 1404 3537 dictum
1459 3470 1792 3548 fuerit‚—-‘
1816 3470 2116 3550 Domine,
2164 3472 2308 3552 iste,
2340 3469 2649 3558 pluribus
2691 3490 2932 3557 praeoc-

825 3582 860 3611 “
901 3582 918 3611 ‘
950 3578 1229 3660 cupatus
1275 3572 1519 3654 officiis,
1590 3574 1814 3639 decem
1878 3596 2067 3640 mnas
2130 3574 2333 3640 habet
2359 3572 2413 3654 3'
2460 3574 2638 3660 quod
2697 3568 2931 3637 damus

822 3682 859 3713 “
907 3675 1095 3740 vobis
1126 3696 1245 3761 per
1272 3678 1629 3760 praesentes
1657 3675 1877 3761 palam
1911 3675 2296 3763 intelligere,
2329 3676 2490 3741 dum
2537 3697 2658 3741 nos
2706 3695 2930 3740 curam

826 3783 862 3813 “
907 3775 1127 3864 gregis
1178 3775 1484 3862 gerimus,
1537 3779 1607 3840 et
1657 3797 1778 3862 pro
1831 3777 2217 3865 colligendis
2266 3777 2527 3864 pabulis
2577 3776 2930 3842 distribue-

825 3886 860 3914 “
906 3878 1113 3943 rimus
1165 3875 1484 3941 fratribus
1537 3876 1810 3964 negotia
1862 3878 2392 3959 ministrationis,
2426 3878 2607 3944 omni
2654 3877 2932 3944 habenti

825 3988 860 4017 “
907 3980 1231 4060 dabimus,
1279 3979 1440 4043 dum
1487 3977 1515 4016 ⁴
1536 3978 1837 4044 abundat
1885 3978 1958 4044 in
2010 3979 2223 4046 officio
2260 4006 2276 4062 ;
2339 3980 2427 4046 ab
2475 4002 2553 4046 eo
2602 4002 2759 4047 vero
2812 3980 2929 4066 qui

825 4094 858 4121 “
907 4084 1003 4150 nil
1035 4083 1255 4160 habet,
1286 4082 1396 4147 vel
1427 4081 1669 4147 habere
1698 4082 1926 4160 nescit,
1961 4083 2198 4149 saltem
2245 4084 2316 4149 id
2369 4083 2701 4149 modicum
2753 4083 2931 4169 quod

827 4196 863 4223 “
908 4186 1110 4252 habet
1139 4185 1510 4251 auferemus
1563 4184 1648 4248 ab
1696 4205 1789 4250 eo.
1882 4185 2268 4272 Eapropter,
2316 4207 2454 4263 vos,
2500 4185 2756 4264 fratreS,
2788 4184 2933 4271 qui·

827 4295 865 4323 ‘⁴
912 4288 1037 4352 bus
1068 4308 1204 4373 prae
1235 4285 1669 4373 participibus
1697 4285 1774 4349 in
1802 4292 2032 4352 nostro
2082 4309 2343 4373 egressu
2376 4287 2635 4353 talenta
2664 4287 2933 4352 commi-

823 4400 858 4427 “
903 4389 1108 4456 simus
1155 4387 1498 4475 regiminis
1552 4389 1954 4474 temporalis,
2006 4411 2089 4455 ne
2142 4390 2216 4453 in
2277 4390 2467 4475 virga
2519 4389 2935 4454 austeritatis

826 4500 861 4528 ‘⁶
909 4490 1253 4557 veniamus
1305 4489 1392 4555 ad
1439 4511 1573 4567 vos,
1619 4492 1688 4553 et
1741 4488 2056 4557 faciamus
2100 4490 2441 4557 vobiscum
2486 4489 2622 4556 tale
2670 4489 2936 4557 ratioci-

895 4714 907 4743 ¹
935 4713 996 4761 In
1020 4710 1233 4763 allusion
1256 4718 1310 4763 to
1332 4709 1579 4762 Mattbew
1600 4726 1729 4763 xxV.
1754 4717 1831 4764 19.
1990 4714 2011 4742 ⁸
2033 4710 2320 4779 necliyentia
2340 4713 2392 4763 in
2416 4713 2529 4766 MS.

888 4790 910 4823 ²
930 4789 1072 4841 Lake
1092 4789 1201 4842 xix.
1227 4797 1307 4842 20.
1992 4792 2010 4823 ⁴
2033 4790 2288 4843 habundat
2304 4792 2359 4843 in
2379 4792 2495 4844 MS.
