3467 5717
834 739 966 804 362
1499 749 1813 805 Annum
1856 751 2276 807 uoms‘rssnn

495 946 635 1002 AD.
662 952 806 1002 1433.
835 941 870 973 “
912 957 1230 1024 expresse,
1272 935 1348 1002 in
1395 934 1526 1001 hiis
1572 935 1849 1024 scriptis.
1940 935 2033 1001 Et
2077 938 2421 1022 protestor,
2452 939 2536 1002 ut
2583 935 2786 1002 moris
2816 940 2936 1019 est,

833 1044 869 1075 “
910 1039 1239 1122 videlicet,
1285 1039 1369 1105 de
1412 1038 1716 1106 addendo
1761 1041 1834 1104 et
1875 1037 2253 1119 minuendo,
2298 1045 2361 1106 et
2403 1036 2696 1107 σφων-αἶ’

495 1148 606 1228 Τζιε
921 1140 1231 1209 Finiente
1283 1141 1613 1228 siquidem
1664 1141 1949 1220 Abbate,
2002 1146 2348 1228 coeperunt
2393 1141 2704 1228 Episcopi
2762 1141 2937 1207 varii

494 1217 713 1347 {fflffigss
729 1290 782 1333 to
831 1243 1032 1310 etiam
1079 1266 1199 1332 pro
1243 1244 1399 1331 jure
1450 1266 1586 1311 suae
1640 1244 1929 1312 ecclesiae
1976 1244 2349 1332 protestari,
2395 1244 2774 1331 instareque
2831 1244 2937 1310 ul·

496 1349 655 1400 retain
677 1350 761 1428 {he
831 1347 1037 1412 terius
1089 1368 1288 1435 penes
1335 1345 1602 1427 clerum,
1632 1350 1961 1434 quatenus
2004 1346 2193 1413 nullo
2232 1342 2430 1413 modo
2469 1346 2937 1433 permitterent

496 1417 753 1546 sshlssuffit
831 1448 1166 1515 Abbatem
1216 1449 1461 1516 habere
1511 1450 1586 1515 in
1614 1448 1966 1536 rejectione
2012 1449 2325 1517 clausulae
2354 1450 2696 1516 intentum
2722 1471 2933 1516 suum.

493 1551 563 1613 by
579 1549 787 1664 ‘Com-g·
835 1549 1030 1631 Quod
1081 1550 1222 1640 ipse
1261 1552 1643 1640 percipiens,
1675 1552 2045 1640 comparuit
2094 1552 2344 1619 ibidem
2393 1552 2477 1618 de
2516 1552 2625 1618 die
2652 1552 2729 1618 in
2758 1551 2935 1619 diem

493 1623 786 1732 ζῗζῗὲἧέῑᾷ
832 1652 1152 1741 deinceps
1185 1660 1254 1721 et
1300 1676 1573 1742 semper,
1603 1676 1757 1720 cum
1800 1675 2060 1721 necesse
2109 1653 2344 1734 fuerat,
2392 1654 2700 1741 opposuit
2729 1654 2936 1721 verba

493 1748 806 1864 ¹¹ffv4ssbb⁰e⁸
830 1755 1332 1824 reclamationis.
1453 1756 1750 1823 Tandem
1809 1777 1985 1836 vero,
2043 1755 2356 1823 veniente
2422 1756 2936 1849 Convocationis

491 1830 526 1880 Ρ
640 1830 769 1880 egoe'
831 1858 939 1924 die
989 1858 1246 1941 ultimo,
1293 1859 1610 1946 lectisque
1660 1880 1883 1925 coram
1934 1858 2225 1926 Domino
2263 1859 2772 1947 Archiepiscopo
2800 1860 2934 1926 sin-

828 1961 1003 2050 gulis
1062 1952 1319 2028 actibus
1379 1961 1909 2042 Convocationis,
1960 1983 2119 2027 mox
2175 1983 2325 2028 cum
2378 1962 2673 2028 venisset
2730 1962 2936 2029 lector

829 2064 916 2129 ad
962 2063 1323 2130 clausulam
1374 2064 1560 2130 illam
1610 2063 2131 2153 praejudicialem
2182 2085 2379 2151 super
2423 2063 2772 2132 collatione
2818 2065 2935 2132 de·

828 2167 1169 2249 cimarum,
1245 2167 1619 2233 exsurrexit
1685 2167 1937 2249 Abbas,
1999 2166 2629 2253 protestabaturque
2685 2167 2931 2234 iterum

817 2268 961 2355 jam
1006 2271 1225 2351 terti0,
1270 2271 1345 2335 in
1387 2269 1520 2336 hiis
1563 2268 1894 2336 verbis.—

495 2383 607 2434 The
629 2383 804 2434 Abbot
921 2379 955 2406 “
986 2373 1073 2438 In
1119 2372 1247 2438 Dei
1292 2371 1580 2452 nomine,
1634 2370 2203 2437 Amen—Coram
2254 2369 2462 2452 vobis,
2494 2370 2933 2438 Reverendis-

490 2452 803 2566 ffissrdoessreg-at
829 2478 865 2509 “
910 2474 1078 2540 simo
1132 2475 1201 2540 in
1250 2474 1515 2549 Obris‘to
1569 2473 1772 2541 Patre
1817 2477 1888 2540 et
1934 2473 2240 2557 Domine,
2275 2473 2564 2540 Domino
2618 2473 2931 2554 Hem-icc,

489 2588 587 2633 test
607 2590 661 2633 to
682 2582 769 2632 the
828 2581 865 2612 “
910 2576 1041 2642 Dei
1100 2577 1336 2663 gratia,
1388 2576 1770 2644 Oantuariae
1827 2575 2354 2665 Archiepiscopo,
2403 2577 2614 2643 totius
2664 2575 2931 2663 Angliae

488 2648 752 2766 &35⁰⁰ae
829 2685 866 2714 “
911 2677 1222 2759 Primate,
1286 2682 1354 2744 et
1424 2678 1824 2765 Apostolicae
1890 2678 2083 2745 Sedis
2148 2679 2416 2766 Legato,
2476 2677 2549 2743 in
2616 2679 2930 2764 praesenti

828 2787 862 2816 “
908 2779 1397 2848 Convocatione
1426 2780 1584 2847 cleri
1614 2780 1979 2848 Provinciae
2009 2785 2250 2849 vestrae
2287 2779 2665 2848 Cautum-ise
2695 2780 2931 2848 Praesi-

824 2890 859 2918 “
906 2882 1125 2962 dente,
1148 2904 1286 2971 ege,
1308 2882 1355 2949 J
1359 2883 1671 2964 ohanneS,
1696 2882 1928 2949 Abbas
1950 2883 2245 2971 exempti
2277 2882 2661 2950 Monasterii
2691 2882 2920 2949 Sancti

827 2990 862 3020 ‘⁸
906 2984 1176 3066 Albani,
1214 2993 1297 3053 ut
1346 3006 1583 3072 mma,
1616 2991 1677 3052 et
1723 2991 1979 3066 caete‘ra,
2025 2985 2171 3051 dico
2218 2985 2396 3073 quod
2426 2985 2583 3072 quia
2615 2983 2699 3050 de
2745 3005 2926 3052 novo

827 3091 867 3122 “
911 3087 994 3152 ad
1049 3108 1266 3153 meam
1326 3086 1598 3154 devenit
1656 3085 1988 3165 notitiam,
2048 3086 2228 3174 quod
2286 3087 2499 3153 clerus
2559 3087 2929 3154 Provinciae

827 3192 864 3223 “
908 3194 1149 3257 vestrae
1234 3188 1633 3268 Cantuariae‚
1693 3189 1781 3254 ad
1851 3189 2362 3256 subventionem
2440 3189 2643 3277 Regis
2717 3190 2930 3255 nostri

826 3301 865 3330 “
906 3293 1113 3381 regni,
1165 3298 1234 3359 et
1287 3289 1597 3358 Ecclesiae
1648 3289 2057 3379 Anglicanae,
2085 3313 2292 3357 unam
2343 3295 2651 3378 quartam
2697 3296 2768 3357 et
2796 3312 2929 3357 me-

823 3400 860 3431 “
905 3396 1221 3462 dietatem
1289 3393 1490 3460 unius
1561 3393 1841 3479 integrae
1906 3393 2194 3473 decimae,
2264 3393 2353 3481 sd
2429 3398 2644 3459 certos
2716 3413 2928 3458 annos

822 3506 859 3536 “
901 3496 1266 3577 solvendas,
1314 3495 1724 3577 concesserit,
1773 3496 1874 3561 ita
1927 3496 2104 3581 quod
2141 3495 2384 3573 nullus,
2426 3499 2765 3582 praetextu
2807 3494 2928 3559 ali-

824 3606 860 3636 “
906 3600 1091 3687 cujus
1150 3598 1481 3686 privilegii
1538 3597 1725 3686 regii,
1770 3619 1813 3663 a
1856 3597 2237 3665 collectione
2282 3597 2643 3663 earundem
2687 3595 2928 3663 debeat

820 3710 859 3739 “
902 3700 1217 3781 excusari,
1263 3699 1427 3778 ideo,
1474 3698 1634 3786 quia
1677 3700 1810 3766 ista
1852 3700 2180 3768 concessio
2223 3699 2495 3767 tendere
2538 3698 2809 3765 videtur
2852 3698 2927 3763 in

821 3808 857 3839 “
904 3802 1036 3868 mei
1094 3800 1496 3878 monasterii,
1561 3799 1885 3882 Priorum,
1944 3807 2015 3868 et
2076 3801 2408 3870 Cellarum
2469 3821 2786 3883 mearum,
2848 3821 2928 3866 ac

818 3912 853 3942 “
898 3925 1325 3994 personarum
1383 3903 1691 3990 ipsorum,
1737 3924 1876 3971 non
1940 3904 2271 3971 modicum
2328 3902 2485 3990 praej
2493 3901 2803 3983 udicium,
2849 3923 2929 3968 ac

820 4017 855 4046 “
898 4010 974 4076 in
1019 4007 1040 4046 ¹
1062 4007 1380 4074 damnum
1424 4026 1683 4073 coronae
1712 4006 1992 4073 Domini
2034 4007 2250 4074 nostri
2280 4005 2498 4093 Regis,
2530 4005 2745 4071 eidem
2774 4025 2926 4071 con-

817 4121 854 4150 “
898 4111 1194 4193 cessioni,
1242 4114 1570 4197 quatenus
1613 4131 1721 4176 me
1765 4108 1873 4176 vel
1933 4110 2191 4175 Priores
2252 4108 2585 4176 Cellarum
2631 4128 2923 4173 mearum

819 4219 857 4250 ‘⁸
901 4215 988 4280 ad
1032 4211 1482 4279 collectionem
1529 4212 1856 4278 dictarum
1885 4217 2144 4297 quartae
2187 4215 2257 4278 et
2299 4209 2679 4277 medietatis
2709 4213 2926 4275 artare

818 4319 856 4351 “
899 4314 1185 4396 videtur,
1216 4311 1244 4351 ²
1260 4313 1584 4381 dissentio
1614 4319 1685 4381 et
1728 4312 2122 4399 contradico,
2168 4334 2246 4381 ac
2288 4312 2588 4392 reclamo,
2617 4332 2704 4377 ex
2745 4315 2926 4378 certa

818 4422 856 4452 “
899 4415 1197 4499 scientia,
1242 4414 1317 4482 in
1359 4414 1491 4482 hiis
1534 4413 1856 4503 scriptis?

880 4657 1383 4723 ¹danpnuminMs.
1863 4655 1875 4722 Ι
1969 4653 2464 4710 'dirrachium-
