<?xml version="1.0" encoding="UTF-8"?>
<!DOCTYPE html PUBLIC "-//W3C//DTD XHTML 1.0 Transitional//EN"
    "http://www.w3.org/TR/xhtml1/DTD/xhtml1-transitional.dtd">
<html xmlns="http://www.w3.org/1999/xhtml" xml:lang="en" lang="en">
 <head>
  <title>
</title>
<meta http-equiv="Content-Type" content="text/html;charset=utf-8" />
  <meta name='ocr-system' content='tesseract 3.04.00' />
  <meta name='ocr-capabilities' content='ocr_page ocr_carea ocr_par ocr_line ocrx_word'/>
</head>
<body>
  <div class='ocr_page' id='page_1' title='image "./annalesmonaster00unkngoog_0309.png"; bbox 0 0 3467 5717; ppageno 0'>
   <div class='ocr_carea' id='block_1_1' title="bbox 1391 825 2734 892">
    <p class='ocr_par' dir='ltr' id='par_1_1' title="bbox 1391 825 2734 892">
     <span class='ocr_line' id='line_1_1' title="bbox 1391 825 2734 892; baseline 0.005 -7"><span class='ocrx_word' id='word_1_1' title='bbox 1391 833 1638 888; x_wconf 66' lang='lat' dir='ltr'>emon</span> <span class='ocrx_word' id='word_1_2' title='bbox 1682 834 1963 890; x_wconf 60' lang='lat' dir='ltr'>Anum.</span> <span class='ocrx_word' id='word_1_3' title='bbox 2603 825 2734 892; x_wconf 78' lang='lat'>248</span> 
     </span>
    </p>
   </div>
   <div class='ocr_carea' id='block_1_2' title="bbox 605 1022 3064 4499">
    <p class='ocr_par' dir='ltr' id='par_1_2' title="bbox 605 1022 3064 4499">
     <span class='ocr_line' id='line_1_2' title="bbox 617 1022 3064 1116; baseline 0.003 -27"><span class='ocrx_word' id='word_1_4' title='bbox 617 1027 656 1060; x_wconf 87' lang='lat'><strong><em>“</em></strong></span> <span class='ocrx_word' id='word_1_5' title='bbox 698 1022 1082 1106; x_wconf 68' lang='lat' dir='ltr'>scientibus,</span> <span class='ocrx_word' id='word_1_6' title='bbox 1130 1023 1634 1105; x_wconf 76' lang='lat' dir='ltr'>¹tolerantibus,</span> <span class='ocrx_word' id='word_1_7' title='bbox 1682 1046 1761 1092; x_wconf 76' lang='lat' dir='ltr'>ao</span> <span class='ocrx_word' id='word_1_8' title='bbox 1805 1026 2053 1093; x_wconf 83' lang='lat' dir='ltr'>eisdem</span> <span class='ocrx_word' id='word_1_9' title='bbox 2095 1031 2240 1094; x_wconf 76' lang='lat' dir='ltr'>tam</span> <span class='ocrx_word' id='word_1_10' title='bbox 2282 1028 2482 1095; x_wconf 73' lang='lat' dir='ltr'>taoite</span> <span class='ocrx_word' id='word_1_11' title='bbox 2527 1049 2728 1116; x_wconf 78' lang='lat' dir='ltr'>quam</span> <span class='ocrx_word' id='word_1_12' title='bbox 2752 1038 3064 1096; x_wconf 48' lang='lat' dir='ltr'>Amo-1⁴27&amp;-</span> 
     </span>
     <span class='ocr_line' id='line_1_3' title="bbox 619 1126 2727 1214; baseline 0.002 -21"><span class='ocrx_word' id='word_1_13' title='bbox 619 1133 655 1163; x_wconf 89' lang='lat'><strong>“</strong></span> <span class='ocrx_word' id='word_1_14' title='bbox 700 1147 1008 1214; x_wconf 80' lang='lat' dir='ltr'>expresse</span> <span class='ocrx_word' id='word_1_15' title='bbox 1068 1126 1096 1165; x_wconf 76' lang='lat'>⁸</span> <span class='ocrx_word' id='word_1_16' title='bbox 1118 1127 1707 1211; x_wconf 79' lang='lat' dir='ltr'>consentientibus,</span> <span class='ocrx_word' id='word_1_17' title='bbox 1770 1149 2028 1197; x_wconf 79' lang='lat' dir='ltr'>necnon</span> <span class='ocrx_word' id='word_1_18' title='bbox 2086 1134 2279 1197; x_wconf 78' lang='lat' dir='ltr'>extra</span> <span class='ocrx_word' id='word_1_19' title='bbox 2335 1152 2597 1198; x_wconf 85' lang='lat' dir='ltr'>omnem</span> <span class='ocrx_word' id='word_1_20' title='bbox 2656 1137 2727 1197; x_wconf 86' lang='lat' dir='ltr'>et</span> 
     </span>
     <span class='ocr_line' id='line_1_4' title="bbox 617 1225 2726 1317; baseline 0.002 -22"><span class='ocrx_word' id='word_1_21' title='bbox 617 1225 1146 1313; x_wconf 71' lang='lat' dir='ltr'>“omnimodam</span> <span class='ocrx_word' id='word_1_22' title='bbox 1175 1230 1649 1317; x_wconf 73' lang='lat' dir='ltr'>possessionem</span> <span class='ocrx_word' id='word_1_23' title='bbox 1677 1230 2165 1317; x_wconf 67' lang='lat' dir='ltr'>praemissarum</span> <span class='ocrx_word' id='word_1_24' title='bbox 2196 1231 2611 1314; x_wconf 75' lang='lat' dir='ltr'>deeimarum,</span> <span class='ocrx_word' id='word_1_25' title='bbox 2657 1240 2726 1300; x_wconf 83' lang='lat' dir='ltr'>et</span> 
     </span>
     <span class='ocr_line' id='line_1_5' title="bbox 617 1332 2725 1429; baseline 0.001 -30"><span class='ocrx_word' id='word_1_26' title='bbox 617 1338 652 1367; x_wconf 92' lang='lat'><strong>“</strong></span> <span class='ocrx_word' id='word_1_27' title='bbox 697 1352 925 1399; x_wconf 77' lang='lat' dir='ltr'>earum</span> <span class='ocrx_word' id='word_1_28' title='bbox 971 1332 1339 1418; x_wconf 84' lang='lat' dir='ltr'>cujuslibet,</span> <span class='ocrx_word' id='word_1_29' title='bbox 1403 1332 1842 1398; x_wconf 81' lang='lat' dir='ltr'>existentium</span> <span class='ocrx_word' id='word_1_30' title='bbox 1888 1338 2034 1399; x_wconf 89' lang='lat' dir='ltr'>toto</span> <span class='ocrx_word' id='word_1_31' title='bbox 2079 1341 2148 1400; x_wconf 86' lang='lat' dir='ltr'>et</span> <span class='ocrx_word' id='word_1_32' title='bbox 2208 1335 2389 1429; x_wconf 78' lang='lat' dir='ltr'>omni</span> <span class='ocrx_word' id='word_1_33' title='bbox 2433 1341 2725 1423; x_wconf 87' lang='lat' dir='ltr'>tempore</span> 
     </span>
     <span class='ocr_line' id='line_1_6' title="bbox 617 1435 2724 1523; baseline 0.002 -23"><span class='ocrx_word' id='word_1_34' title='bbox 617 1441 653 1470; x_wconf 92' lang='lat'><strong>“</strong></span> <span class='ocrx_word' id='word_1_35' title='bbox 697 1435 1092 1523; x_wconf 71' lang='lat' dir='ltr'>supradicto.</span> <span class='ocrx_word' id='word_1_36' title='bbox 1210 1436 1323 1501; x_wconf 81' lang='lat' dir='ltr'>Ad</span> <span class='ocrx_word' id='word_1_37' title='bbox 1388 1435 1529 1503; x_wconf 80' lang='lat' dir='ltr'>haec</span> <span class='ocrx_word' id='word_1_38' title='bbox 1605 1435 1771 1502; x_wconf 85' lang='lat' dir='ltr'>dieit</span> <span class='ocrx_word' id='word_1_39' title='bbox 1845 1457 1997 1522; x_wconf 77' lang='lat' dir='ltr'>pars</span> <span class='ocrx_word' id='word_1_40' title='bbox 2066 1436 2344 1502; x_wconf 84' lang='lat' dir='ltr'>Domini</span> <span class='ocrx_word' id='word_1_41' title='bbox 2405 1437 2724 1505; x_wconf 73' lang='lat' dir='ltr'>willelmi</span> 
     </span>
     <span class='ocr_line' id='line_1_7' title="bbox 612 1535 2722 1625; baseline 0.001 -22"><span class='ocrx_word' id='word_1_42' title='bbox 612 1543 651 1571; x_wconf 72' lang='lat'>⁴⁸</span> <span class='ocrx_word' id='word_1_43' title='bbox 699 1535 1081 1619; x_wconf 81' lang='lat' dir='ltr'>Cheselden,</span> <span class='ocrx_word' id='word_1_44' title='bbox 1139 1537 1450 1617; x_wconf 83' lang='lat' dir='ltr'>Rectoris‚</span> <span class='ocrx_word' id='word_1_45' title='bbox 1499 1536 1681 1624; x_wconf 92' lang='lat' dir='ltr'>quod</span> <span class='ocrx_word' id='word_1_46' title='bbox 1736 1537 1794 1603; x_wconf 90' lang='lat' dir='ltr'>si</span> <span class='ocrx_word' id='word_1_47' title='bbox 1842 1536 1992 1603; x_wconf 76' lang='lat' dir='ltr'>duae</span> <span class='ocrx_word' id='word_1_48' title='bbox 2041 1544 2261 1625; x_wconf 69' lang='lat' dir='ltr'>partes</span> <span class='ocrx_word' id='word_1_49' title='bbox 2322 1539 2722 1607; x_wconf 76' lang='lat' dir='ltr'>deeimarum</span> 
     </span>
     <span class='ocr_line' id='line_1_8' title="bbox 616 1638 2720 1725; baseline 0.002 -21"><span class='ocrx_word' id='word_1_50' title='bbox 616 1643 649 1672; x_wconf 90' lang='lat'>“</span> <span class='ocrx_word' id='word_1_51' title='bbox 697 1639 1161 1725; x_wconf 76' lang='lat' dir='ltr'>praedictarum</span> <span class='ocrx_word' id='word_1_52' title='bbox 1220 1640 1292 1704; x_wconf 90' lang='lat' dir='ltr'>in</span> <span class='ocrx_word' id='word_1_53' title='bbox 1336 1644 1406 1704; x_wconf 88' lang='lat' dir='ltr'>et</span> <span class='ocrx_word' id='word_1_54' title='bbox 1450 1640 1531 1705; x_wconf 88' lang='lat' dir='ltr'>de</span> <span class='ocrx_word' id='word_1_55' title='bbox 1576 1638 1756 1704; x_wconf 83' lang='lat' dir='ltr'>dioto</span> <span class='ocrx_word' id='word_1_56' title='bbox 1808 1638 2159 1718; x_wconf 81' lang='lat' dir='ltr'>dominico,</span> <span class='ocrx_word' id='word_1_57' title='bbox 2204 1640 2346 1706; x_wconf 88' lang='lat' dir='ltr'>sive</span> <span class='ocrx_word' id='word_1_58' title='bbox 2405 1642 2720 1722; x_wconf 86' lang='lat' dir='ltr'>dominio,</span> 
     </span>
     <span class='ocr_line' id='line_1_9' title="bbox 615 1739 2720 1828; baseline 0.002 -23"><span class='ocrx_word' id='word_1_59' title='bbox 615 1747 651 1776; x_wconf 89' lang='lat'><strong>“</strong></span> <span class='ocrx_word' id='word_1_60' title='bbox 697 1740 1036 1827; x_wconf 59' lang='grc' dir='ltr'>θεηίεφιθ,</span> <span class='ocrx_word' id='word_1_61' title='bbox 1082 1740 1345 1828; x_wconf 76' lang='lat' dir='ltr'>eampis,</span> <span class='ocrx_word' id='word_1_62' title='bbox 1391 1746 1512 1807; x_wconf 78' lang='lat' dir='ltr'>aut</span> <span class='ocrx_word' id='word_1_63' title='bbox 1570 1741 1804 1828; x_wconf 77' lang='lat' dir='ltr'>pratis,</span> <span class='ocrx_word' id='word_1_64' title='bbox 1852 1739 2162 1825; x_wconf 78' lang='lat' dir='ltr'>ejusdem,</span> <span class='ocrx_word' id='word_1_65' title='bbox 2205 1741 2478 1809; x_wconf 78' lang='lat' dir='ltr'>fuerunt</span> <span class='ocrx_word' id='word_1_66' title='bbox 2540 1743 2720 1810; x_wconf 80' lang='lat' dir='ltr'>dieto</span> 
     </span>
     <span class='ocr_line' id='line_1_10' title="bbox 613 1842 2719 1923; baseline 0.002 -16"><span class='ocrx_word' id='word_1_67' title='bbox 613 1848 649 1877; x_wconf 90' lang='lat'><strong>“</strong></span> <span class='ocrx_word' id='word_1_68' title='bbox 694 1842 1089 1908; x_wconf 73' lang='lat' dir='ltr'>monasterio</span> <span class='ocrx_word' id='word_1_69' title='bbox 1150 1842 1383 1909; x_wconf 78' lang='lat' dir='ltr'>Sancti</span> <span class='ocrx_word' id='word_1_70' title='bbox 1426 1842 1693 1923; x_wconf 65' lang='lat' dir='ltr'>Albani,</span> <span class='ocrx_word' id='word_1_71' title='bbox 1757 1847 1828 1908; x_wconf 86' lang='lat' dir='ltr'>et</span> <span class='ocrx_word' id='word_1_72' title='bbox 1871 1843 2209 1909; x_wconf 77' lang='lat' dir='ltr'>monachis</span> <span class='ocrx_word' id='word_1_73' title='bbox 2268 1844 2514 1912; x_wconf 79' lang='lat' dir='ltr'>ibidem</span> <span class='ocrx_word' id='word_1_74' title='bbox 2576 1845 2719 1911; x_wconf 86' lang='lat' dir='ltr'>Deo</span> 
     </span>
     <span class='ocr_line' id='line_1_11' title="bbox 612 1943 2719 2030; baseline 0.002 -20"><span class='ocrx_word' id='word_1_75' title='bbox 612 1950 645 1980; x_wconf 89' lang='lat'><strong>“</strong></span> <span class='ocrx_word' id='word_1_76' title='bbox 690 1944 1152 2027; x_wconf 83' lang='lat' dir='ltr'>servientibus,</span> <span class='ocrx_word' id='word_1_77' title='bbox 1229 1943 1664 2030; x_wconf 73' lang='lat' dir='ltr'>quovismodo</span> <span class='ocrx_word' id='word_1_78' title='bbox 1749 1943 1948 2025; x_wconf 81' lang='lat' dir='ltr'>datae,</span> <span class='ocrx_word' id='word_1_79' title='bbox 2025 1944 2306 2024; x_wconf 71' lang='lat' dir='ltr'>donatae,</span> <span class='ocrx_word' id='word_1_80' title='bbox 2383 1969 2719 2029; x_wconf 84' lang='lat' dir='ltr'>oonoessae,</span> 
     </span>
     <span class='ocr_line' id='line_1_12' title="bbox 610 2046 2720 2133; baseline 0.002 -21"><span class='ocrx_word' id='word_1_81' title='bbox 610 2053 646 2083; x_wconf 89' lang='lat'><em>“</em></span> <span class='ocrx_word' id='word_1_82' title='bbox 692 2048 832 2113; x_wconf 90' lang='lat' dir='ltr'>sive</span> <span class='ocrx_word' id='word_1_83' title='bbox 877 2047 1302 2133; x_wconf 60' lang='lat' dir='ltr'>eoum-metm,</span> <span class='ocrx_word' id='word_1_84' title='bbox 1348 2050 1551 2133; x_wconf 88' lang='lat' dir='ltr'>prout</span> <span class='ocrx_word' id='word_1_85' title='bbox 1597 2046 1670 2111; x_wconf 91' lang='lat' dir='ltr'>in</span> <span class='ocrx_word' id='word_1_86' title='bbox 1715 2046 1950 2113; x_wconf 89' lang='lat' dir='ltr'>eodem</span> <span class='ocrx_word' id='word_1_87' title='bbox 1993 2046 2219 2114; x_wconf 85' lang='lat' dir='ltr'>libello</span> <span class='ocrx_word' id='word_1_88' title='bbox 2266 2047 2720 2129; x_wconf 80' lang='lat' dir='ltr'>deducitur,—</span> 
     </span>
     <span class='ocr_line' id='line_1_13' title="bbox 613 2149 2728 2237; baseline 0.001 -22"><span class='ocrx_word' id='word_1_89' title='bbox 613 2158 646 2185; x_wconf 87' lang='lat'>“</span> <span class='ocrx_word' id='word_1_90' title='bbox 693 2172 843 2236; x_wconf 81' lang='lat' dir='ltr'>quae</span> <span class='ocrx_word' id='word_1_91' title='bbox 903 2154 1133 2216; x_wconf 80' lang='lat' dir='ltr'>tamen</span> <span class='ocrx_word' id='word_1_92' title='bbox 1191 2150 1494 2226; x_wconf 75' lang='lat' dir='ltr'>deducta,</span> <span class='ocrx_word' id='word_1_93' title='bbox 1541 2155 1741 2235; x_wconf 87' lang='lat' dir='ltr'>prout</span> <span class='ocrx_word' id='word_1_94' title='bbox 1787 2149 2222 2230; x_wconf 83' lang='lat' dir='ltr'>deducuntur,</span> <span class='ocrx_word' id='word_1_95' title='bbox 2283 2173 2417 2217; x_wconf 90' lang='lat' dir='ltr'>non</span> <span class='ocrx_word' id='word_1_96' title='bbox 2469 2151 2728 2237; x_wconf 31' lang='lat' dir='ltr'>fatetur,</span> 
     </span>
     <span class='ocr_line' id='line_1_14' title="bbox 612 2249 2721 2340; baseline 0.001 -22"><span class='ocrx_word' id='word_1_97' title='bbox 612 2259 650 2289; x_wconf 89' lang='lat'><strong>“</strong></span> <span class='ocrx_word' id='word_1_98' title='bbox 696 2274 846 2340; x_wconf 79' lang='lat' dir='ltr'>pars</span> <span class='ocrx_word' id='word_1_99' title='bbox 892 2253 1055 2319; x_wconf 84' lang='lat' dir='ltr'>dicti</span> <span class='ocrx_word' id='word_1_100' title='bbox 1100 2251 1375 2318; x_wconf 87' lang='lat' dir='ltr'>Domini</span> <span class='ocrx_word' id='word_1_101' title='bbox 1404 2250 1725 2316; x_wconf 88' lang='lat' dir='ltr'>Willelmi</span> <span class='ocrx_word' id='word_1_102' title='bbox 1757 2251 2074 2332; x_wconf 74' lang='lat' dir='ltr'>Rectoris,</span> <span class='ocrx_word' id='word_1_103' title='bbox 2119 2249 2148 2291; x_wconf 81' lang='lat'><strong>⁸</strong></span> <span class='ocrx_word' id='word_1_104' title='bbox 2169 2253 2286 2319; x_wconf 89' lang='lat' dir='ltr'>sed</span> <span class='ocrx_word' id='word_1_105' title='bbox 2330 2275 2409 2319; x_wconf 80' lang='lat' dir='ltr'>ea</span> <span class='ocrx_word' id='word_1_106' title='bbox 2452 2256 2721 2322; x_wconf 89' lang='lat' dir='ltr'>omnino</span> 
     </span>
     <span class='ocr_line' id='line_1_15' title="bbox 614 2353 2721 2443; baseline 0.001 -22"><span class='ocrx_word' id='word_1_107' title='bbox 614 2363 650 2392; x_wconf 91' lang='lat'><strong>“</strong></span> <span class='ocrx_word' id='word_1_108' title='bbox 698 2355 1037 2433; x_wconf 85' lang='lat' dir='ltr'>diffitetur,</span> <span class='ocrx_word' id='word_1_109' title='bbox 1056 2360 1359 2443; x_wconf 77' lang='lat' dir='ltr'>-postea</span> <span class='ocrx_word' id='word_1_110' title='bbox 1400 2359 1629 2420; x_wconf 74' lang='lat' dir='ltr'>tamen</span> <span class='ocrx_word' id='word_1_111' title='bbox 1672 2353 1764 2419; x_wconf 72' lang='lat' dir='ltr'>ab</span> <span class='ocrx_word' id='word_1_112' title='bbox 1809 2355 2107 2441; x_wconf 78' lang='lat' dir='ltr'>antiquo,</span> <span class='ocrx_word' id='word_1_113' title='bbox 2168 2355 2530 2438; x_wconf 82' lang='lat' dir='ltr'>videlieet,-</span> <span class='ocrx_word' id='word_1_114' title='bbox 2563 2364 2721 2424; x_wconf 81' lang='lat' dir='ltr'>ante</span> 
     </span>
     <span class='ocr_line' id='line_1_16' title="bbox 613 2456 2720 2545; baseline 0.002 -22"><span class='ocrx_word' id='word_1_115' title='bbox 613 2465 648 2493; x_wconf 91' lang='lat'><strong><em>“</em></strong></span> <span class='ocrx_word' id='word_1_116' title='bbox 694 2457 1136 2545; x_wconf 71' lang='lat' dir='ltr'>quadraginta</span> <span class='ocrx_word' id='word_1_117' title='bbox 1197 2477 1406 2522; x_wconf 82' lang='lat' dir='ltr'>annos</span> <span class='ocrx_word' id='word_1_118' title='bbox 1468 2456 1770 2543; x_wconf 83' lang='lat' dir='ltr'>proxime</span> <span class='ocrx_word' id='word_1_119' title='bbox 1833 2457 2224 2544; x_wconf 79' lang='lat' dir='ltr'>praeteritos,</span> <span class='ocrx_word' id='word_1_120' title='bbox 2289 2460 2494 2525; x_wconf 74' lang='lat' dir='ltr'>etiam</span> <span class='ocrx_word' id='word_1_121' title='bbox 2561 2467 2720 2527; x_wconf 76' lang='lat' dir='ltr'>ante</span> 
     </span>
     <span class='ocr_line' id='line_1_17' title="bbox 614 2558 2715 2647; baseline 0.001 -21"><span class='ocrx_word' id='word_1_122' title='bbox 614 2569 649 2595; x_wconf 88' lang='lat'><strong>“</strong></span> <span class='ocrx_word' id='word_1_123' title='bbox 693 2565 956 2647; x_wconf 85' lang='lat' dir='ltr'>tempus</span> <span class='ocrx_word' id='word_1_124' title='bbox 1016 2560 1099 2626; x_wconf 89' lang='lat' dir='ltr'>de</span> <span class='ocrx_word' id='word_1_125' title='bbox 1144 2580 1278 2645; x_wconf 90' lang='lat' dir='ltr'>quo</span> <span class='ocrx_word' id='word_1_126' title='bbox 1311 2559 1456 2644; x_wconf 74' lang='lat' dir='ltr'>jam</span> <span class='ocrx_word' id='word_1_127' title='bbox 1500 2558 1749 2624; x_wconf 77' lang='lat' dir='ltr'>notitia</span> <span class='ocrx_word' id='word_1_128' title='bbox 1808 2559 1949 2626; x_wconf 86' lang='lat' dir='ltr'>sive</span> <span class='ocrx_word' id='word_1_129' title='bbox 1995 2560 2313 2626; x_wconf 77' lang='lat' dir='ltr'>memoria</span> <span class='ocrx_word' id='word_1_130' title='bbox 2371 2562 2715 2629; x_wconf 88' lang='lat' dir='ltr'>hominum</span> 
     </span>
     <span class='ocr_line' id='line_1_18' title="bbox 607 2659 2717 2743; baseline 0.001 -16"><span class='ocrx_word' id='word_1_131' title='bbox 607 2670 641 2698; x_wconf 91' lang='lat'><strong><em>“</em></strong></span> <span class='ocrx_word' id='word_1_132' title='bbox 694 2662 994 2743; x_wconf 78' lang='lat' dir='ltr'>habetur,</span> <span class='ocrx_word' id='word_1_133' title='bbox 1027 2661 1257 2729; x_wconf 76' lang='lat' dir='ltr'>Abbas</span> <span class='ocrx_word' id='word_1_134' title='bbox 1302 2667 1372 2728; x_wconf 85' lang='lat' dir='ltr'>et</span> <span class='ocrx_word' id='word_1_135' title='bbox 1417 2659 1807 2727; x_wconf 72' lang='lat' dir='ltr'>Conventus</span> <span class='ocrx_word' id='word_1_136' title='bbox 1852 2660 2012 2727; x_wconf 81' lang='lat' dir='ltr'>dieti</span> <span class='ocrx_word' id='word_1_137' title='bbox 2057 2665 2442 2729; x_wconf 74' lang='lat' dir='ltr'>monasterii</span> <span class='ocrx_word' id='word_1_138' title='bbox 2488 2664 2717 2732; x_wconf 78' lang='lat' dir='ltr'>Sancti</span> 
     </span>
     <span class='ocr_line' id='line_1_19' title="bbox 609 2764 2715 2849; baseline 0.001 -18"><span class='ocrx_word' id='word_1_139' title='bbox 609 2774 647 2802; x_wconf 87' lang='lat'><strong>“</strong></span> <span class='ocrx_word' id='word_1_140' title='bbox 692 2765 956 2847; x_wconf 81' lang='lat' dir='ltr'>Albani,</span> <span class='ocrx_word' id='word_1_141' title='bbox 1017 2764 1107 2830; x_wconf 68' lang='lat' dir='ltr'>ad</span> <span class='ocrx_word' id='word_1_142' title='bbox 1150 2770 1313 2831; x_wconf 83' lang='lat' dir='ltr'>tunc</span> <span class='ocrx_word' id='word_1_143' title='bbox 1373 2764 1754 2841; x_wconf 78' lang='lat' dir='ltr'>existentes,</span> <span class='ocrx_word' id='word_1_144' title='bbox 1812 2764 1926 2849; x_wconf 84' lang='lat' dir='ltr'>jus</span> <span class='ocrx_word' id='word_1_145' title='bbox 1991 2784 2186 2831; x_wconf 87' lang='lat' dir='ltr'>suum</span> <span class='ocrx_word' id='word_1_146' title='bbox 2253 2770 2324 2831; x_wconf 84' lang='lat' dir='ltr'>et</span> <span class='ocrx_word' id='word_1_147' title='bbox 2388 2768 2552 2834; x_wconf 81' lang='lat' dir='ltr'>dieti</span> <span class='ocrx_word' id='word_1_148' title='bbox 2611 2770 2715 2833; x_wconf 89' lang='lat' dir='ltr'>sui</span> 
     </span>
     <span class='ocr_line' id='line_1_20' title="bbox 612 2865 2714 2958; baseline 0.001 -24"><span class='ocrx_word' id='word_1_149' title='bbox 612 2872 648 2905; x_wconf 88' lang='lat'>“</span> <span class='ocrx_word' id='word_1_150' title='bbox 694 2867 1094 2948; x_wconf 78' lang='lat' dir='ltr'>monasterii,</span> <span class='ocrx_word' id='word_1_151' title='bbox 1156 2868 1213 2933; x_wconf 87' lang='lat' dir='ltr'>si</span> <span class='ocrx_word' id='word_1_152' title='bbox 1259 2866 1436 2955; x_wconf 88' lang='lat' dir='ltr'>quod</span> <span class='ocrx_word' id='word_1_153' title='bbox 1478 2865 1607 2932; x_wconf 89' lang='lat' dir='ltr'>sibi</span> <span class='ocrx_word' id='word_1_154' title='bbox 1666 2865 2016 2953; x_wconf 76' lang='lat' dir='ltr'>competiit</span> <span class='ocrx_word' id='word_1_155' title='bbox 2073 2866 2148 2932; x_wconf 91' lang='lat' dir='ltr'>in</span> <span class='ocrx_word' id='word_1_156' title='bbox 2214 2867 2483 2935; x_wconf 80' lang='lat' dir='ltr'>decimis</span> <span class='ocrx_word' id='word_1_157' title='bbox 2534 2869 2714 2958; x_wconf 82' lang='lat' dir='ltr'>ipsis,</span> 
     </span>
     <span class='ocr_line' id='line_1_21' title="bbox 609 2967 2713 3054; baseline 0 -16"><span class='ocrx_word' id='word_1_158' title='bbox 609 2980 644 3008; x_wconf 91' lang='lat'><strong>“</strong></span> <span class='ocrx_word' id='word_1_159' title='bbox 691 2971 1024 3038; x_wconf 76' lang='lat' dir='ltr'>oeensions</span> <span class='ocrx_word' id='word_1_160' title='bbox 1076 2969 1404 3036; x_wconf 75' lang='lat' dir='ltr'>dictarum</span> <span class='ocrx_word' id='word_1_161' title='bbox 1449 2967 1760 3050; x_wconf 77' lang='lat' dir='ltr'>dationis,</span> <span class='ocrx_word' id='word_1_162' title='bbox 1807 2967 2202 3050; x_wconf 78' lang='lat' dir='ltr'>donationis,</span> <span class='ocrx_word' id='word_1_163' title='bbox 2264 2972 2713 3054; x_wconf 50' lang='lat' dir='ltr'>concess-ionia,</span> 
     </span>
     <span class='ocr_line' id='line_1_22' title="bbox 611 3070 2711 3162; baseline 0 -22"><span class='ocrx_word' id='word_1_164' title='bbox 611 3081 646 3109; x_wconf 91' lang='lat'><em>“</em></span> <span class='ocrx_word' id='word_1_165' title='bbox 691 3080 760 3140; x_wconf 81' lang='lat' dir='ltr'>et</span> <span class='ocrx_word' id='word_1_166' title='bbox 804 3072 1342 3149; x_wconf 79' lang='lat' dir='ltr'>confirmationis,</span> <span class='ocrx_word' id='word_1_167' title='bbox 1386 3076 1752 3158; x_wconf 59' lang='lat' dir='ltr'>praetensae,</span> <span class='ocrx_word' id='word_1_168' title='bbox 1786 3091 1908 3157; x_wconf 88' lang='lat' dir='ltr'>pro</span> <span class='ocrx_word' id='word_1_169' title='bbox 1951 3070 2240 3158; x_wconf 65' lang='lat' dir='ltr'>quadam</span> <span class='ocrx_word' id='word_1_170' title='bbox 2285 3094 2511 3140; x_wconf 73' lang='lat' dir='ltr'>annua</span> <span class='ocrx_word' id='word_1_171' title='bbox 2553 3097 2711 3162; x_wconf 85' lang='lat' dir='ltr'>pen-</span> 
     </span>
     <span class='ocr_line' id='line_1_23' title="bbox 611 3173 2715 3264; baseline 0.001 -22"><span class='ocrx_word' id='word_1_172' title='bbox 611 3184 647 3212; x_wconf 87' lang='lat'><strong><em>“</em></strong></span> <span class='ocrx_word' id='word_1_173' title='bbox 691 3176 873 3243; x_wconf 88' lang='lat' dir='ltr'>sione</span> <span class='ocrx_word' id='word_1_174' title='bbox 930 3174 1328 3264; x_wconf 72' lang='lat' dir='ltr'>pecuniaria,</span> <span class='ocrx_word' id='word_1_175' title='bbox 1386 3173 1515 3240; x_wconf 89' lang='lat' dir='ltr'>sibi</span> <span class='ocrx_word' id='word_1_176' title='bbox 1578 3196 1619 3239; x_wconf 80' lang='lat' dir='ltr'><strong>a</strong></span> <span class='ocrx_word' id='word_1_177' title='bbox 1678 3173 1861 3239; x_wconf 76' lang='lat' dir='ltr'>dicta</span> <span class='ocrx_word' id='word_1_178' title='bbox 1922 3174 2187 3241; x_wconf 74' lang='lat' dir='ltr'>eeclesia</span> <span class='ocrx_word' id='word_1_179' title='bbox 2252 3173 2337 3242; x_wconf 87' lang='lat' dir='ltr'>de</span> <span class='ocrx_word' id='word_1_180' title='bbox 2399 3175 2715 3264; x_wconf 82' lang='lat' dir='ltr'>Horpolle</span> 
     </span>
     <span class='ocr_line' id='line_1_24' title="bbox 607 3274 2712 3363; baseline 0 -17"><span class='ocrx_word' id='word_1_181' title='bbox 607 3289 645 3319; x_wconf 90' lang='lat'><strong>“</strong></span> <span class='ocrx_word' id='word_1_182' title='bbox 687 3278 1022 3360; x_wconf 75' lang='lat' dir='ltr'>solvenda,</span> <span class='ocrx_word' id='word_1_183' title='bbox 1061 3280 1416 3357; x_wconf 73' lang='lat' dir='ltr'>noval-unt,</span> <span class='ocrx_word' id='word_1_184' title='bbox 1446 3280 1516 3342; x_wconf 82' lang='lat' dir='ltr'>et</span> <span class='ocrx_word' id='word_1_185' title='bbox 1558 3276 1631 3340; x_wconf 90' lang='lat' dir='ltr'>in</span> <span class='ocrx_word' id='word_1_186' title='bbox 1677 3274 1954 3342; x_wconf 81' lang='lat' dir='ltr'>eandem</span> <span class='ocrx_word' id='word_1_187' title='bbox 1997 3276 2378 3363; x_wconf 75' lang='lat' dir='ltr'>pensionem</span> <span class='ocrx_word' id='word_1_188' title='bbox 2425 3301 2712 3347; x_wconf 76' lang='lat' dir='ltr'>annuam</span> 
     </span>
     <span class='ocr_line' id='line_1_25' title="bbox 610 3378 2714 3468; baseline -0 -18"><span class='ocrx_word' id='word_1_189' title='bbox 610 3390 645 3419; x_wconf 89' lang='lat'><strong>“</strong></span> <span class='ocrx_word' id='word_1_190' title='bbox 690 3381 991 3450; x_wconf 77' lang='lat' dir='ltr'>totaliter</span> <span class='ocrx_word' id='word_1_191' title='bbox 1051 3384 1570 3460; x_wconf 81' lang='lat' dir='ltr'>eommutarunt‚</span> <span class='ocrx_word' id='word_1_192' title='bbox 1617 3378 1760 3465; x_wconf 82' lang='lat' dir='ltr'>juri</span> <span class='ocrx_word' id='word_1_193' title='bbox 1824 3397 1943 3444; x_wconf 88' lang='lat' dir='ltr'>suo</span> <span class='ocrx_word' id='word_1_194' title='bbox 2009 3378 2345 3466; x_wconf 80' lang='lat' dir='ltr'>praediot0,</span> <span class='ocrx_word' id='word_1_195' title='bbox 2409 3382 2468 3445; x_wconf 88' lang='lat' dir='ltr'>si</span> <span class='ocrx_word' id='word_1_196' title='bbox 2535 3384 2714 3468; x_wconf 91' lang='lat' dir='ltr'>quod</span> 
     </span>
     <span class='ocr_line' id='line_1_26' title="bbox 609 3481 2709 3570; baseline 0 -19"><span class='ocrx_word' id='word_1_197' title='bbox 609 3495 644 3522; x_wconf 80' lang='lat'>‘⁴</span> <span class='ocrx_word' id='word_1_198' title='bbox 689 3485 784 3552; x_wconf 88' lang='lat' dir='ltr'>eis</span> <span class='ocrx_word' id='word_1_199' title='bbox 845 3489 966 3550; x_wconf 78' lang='lat' dir='ltr'>aut</span> <span class='ocrx_word' id='word_1_200' title='bbox 1025 3504 1250 3549; x_wconf 81' lang='lat' dir='ltr'>eorum</span> <span class='ocrx_word' id='word_1_201' title='bbox 1324 3482 1729 3548; x_wconf 79' lang='lat' dir='ltr'>monasterio</span> <span class='ocrx_word' id='word_1_202' title='bbox 1795 3481 2135 3569; x_wconf 70' lang='lat' dir='ltr'>praedicte,</span> <span class='ocrx_word' id='word_1_203' title='bbox 2202 3490 2282 3547; x_wconf 90' lang='lat' dir='ltr'>ut</span> <span class='ocrx_word' id='word_1_204' title='bbox 2346 3482 2709 3570; x_wconf 69' lang='lat' dir='ltr'>praefertur,</span> 
     </span>
     <span class='ocr_line' id='line_1_27' title="bbox 608 3582 2708 3675; baseline -0 -21"><span class='ocrx_word' id='word_1_205' title='bbox 608 3597 643 3625; x_wconf 88' lang='lat'><strong>“</strong></span> <span class='ocrx_word' id='word_1_206' title='bbox 686 3585 1049 3675; x_wconf 72' lang='lat' dir='ltr'>competiit,</span> <span class='ocrx_word' id='word_1_207' title='bbox 1079 3585 1299 3672; x_wconf 81' lang='lat' dir='ltr'>quoad</span> <span class='ocrx_word' id='word_1_208' title='bbox 1342 3582 1631 3650; x_wconf 80' lang='lat' dir='ltr'>decimas</span> <span class='ocrx_word' id='word_1_209' title='bbox 1676 3582 1848 3665; x_wconf 79' lang='lat' dir='ltr'>illas,</span> <span class='ocrx_word' id='word_1_210' title='bbox 1895 3584 2199 3651; x_wconf 74' lang='lat' dir='ltr'>totaliter</span> <span class='ocrx_word' id='word_1_211' title='bbox 2246 3588 2708 3669; x_wconf 76' lang='lat' dir='ltr'>renunciandO,</span> 
     </span>
     <span class='ocr_line' id='line_1_28' title="bbox 609 3686 2709 3773; baseline 0 -18"><span class='ocrx_word' id='word_1_212' title='bbox 609 3698 645 3726; x_wconf 89' lang='lat'><strong>“</strong></span> <span class='ocrx_word' id='word_1_213' title='bbox 691 3694 762 3756; x_wconf 86' lang='lat' dir='ltr'>et</span> <span class='ocrx_word' id='word_1_214' title='bbox 806 3689 1298 3767; x_wconf 70' lang='lat' dir='ltr'>renunciat-unt,</span> <span class='ocrx_word' id='word_1_215' title='bbox 1328 3706 1531 3773; x_wconf 85' lang='lat' dir='ltr'>seque</span> <span class='ocrx_word' id='word_1_216' title='bbox 1575 3693 1646 3753; x_wconf 88' lang='lat' dir='ltr'>et</span> <span class='ocrx_word' id='word_1_217' title='bbox 1696 3686 1951 3752; x_wconf 81' lang='lat' dir='ltr'>dietum</span> <span class='ocrx_word' id='word_1_218' title='bbox 1997 3707 2191 3752; x_wconf 87' lang='lat' dir='ltr'>suum</span> <span class='ocrx_word' id='word_1_219' title='bbox 2236 3690 2709 3756; x_wconf 80' lang='lat' dir='ltr'>monasterium</span> 
     </span>
     <span class='ocr_line' id='line_1_29' title="bbox 609 3789 2706 3880; baseline 0 -22"><span class='ocrx_word' id='word_1_220' title='bbox 609 3801 643 3830; x_wconf 88' lang='lat'><strong>“</strong></span> <span class='ocrx_word' id='word_1_221' title='bbox 690 3817 733 3858; x_wconf 78' lang='lat' dir='ltr'><strong>a</strong></span> <span class='ocrx_word' id='word_1_222' title='bbox 761 3791 1175 3880; x_wconf 81' lang='lat' dir='ltr'>pereeptione</span> <span class='ocrx_word' id='word_1_223' title='bbox 1205 3791 1535 3857; x_wconf 78' lang='lat' dir='ltr'>dictarum</span> <span class='ocrx_word' id='word_1_224' title='bbox 1566 3789 1990 3871; x_wconf 80' lang='lat' dir='ltr'>deeimarum,</span> <span class='ocrx_word' id='word_1_225' title='bbox 2021 3794 2094 3855; x_wconf 85' lang='lat' dir='ltr'>et</span> <span class='ocrx_word' id='word_1_226' title='bbox 2112 3791 2267 3877; x_wconf 74' lang='lat' dir='ltr'>Jure</span> <span class='ocrx_word' id='word_1_227' title='bbox 2298 3792 2706 3879; x_wconf 80' lang='lat' dir='ltr'>percipiendi</span> 
     </span>
     <span class='ocr_line' id='line_1_30' title="bbox 607 3891 2711 3981; baseline -0 -20"><span class='ocrx_word' id='word_1_228' title='bbox 607 3901 645 3930; x_wconf 89' lang='lat'><strong>“</strong></span> <span class='ocrx_word' id='word_1_229' title='bbox 690 3895 968 3977; x_wconf 77' lang='lat' dir='ltr'>easdem,</span> <span class='ocrx_word' id='word_1_230' title='bbox 1014 3893 1282 3981; x_wconf 82' lang='lat' dir='ltr'>penitus</span> <span class='ocrx_word' id='word_1_231' title='bbox 1324 3891 1754 3972; x_wconf 78' lang='lat' dir='ltr'>excludendo,</span> <span class='ocrx_word' id='word_1_232' title='bbox 1802 3896 1871 3957; x_wconf 85' lang='lat' dir='ltr'>et</span> <span class='ocrx_word' id='word_1_233' title='bbox 1923 3892 2356 3959; x_wconf 76' lang='lat' dir='ltr'>excluserunt.</span> <span class='ocrx_word' id='word_1_234' title='bbox 2451 3893 2711 3975; x_wconf 81' lang='lat' dir='ltr'>Quibus</span> 
     </span>
     <span class='ocr_line' id='line_1_31' title="bbox 606 3993 2754 4083; baseline -0.001 -20"><span class='ocrx_word' id='word_1_235' title='bbox 606 4004 643 4034; x_wconf 86' lang='lat'><em>“</em></span> <span class='ocrx_word' id='word_1_236' title='bbox 686 3997 955 4083; x_wconf 90' lang='lat' dir='ltr'>quidem</span> <span class='ocrx_word' id='word_1_237' title='bbox 998 3995 1345 4062; x_wconf 74' lang='lat' dir='ltr'>novationi</span> <span class='ocrx_word' id='word_1_238' title='bbox 1392 3998 1462 4061; x_wconf 89' lang='lat' dir='ltr'>et</span> <span class='ocrx_word' id='word_1_239' title='bbox 1506 3993 2012 4060; x_wconf 71' lang='lat' dir='ltr'>commutationi</span> <span class='ocrx_word' id='word_1_240' title='bbox 2056 3993 2359 4060; x_wconf 76' lang='lat' dir='ltr'>Abbates</span> <span class='ocrx_word' id='word_1_241' title='bbox 2404 4001 2474 4061; x_wconf 89' lang='lat' dir='ltr'>et</span> <span class='ocrx_word' id='word_1_242' title='bbox 2534 3997 2707 4063; x_wconf 78' lang='lat' dir='ltr'>Gon·</span> <span class='ocrx_word' id='word_1_243' title='bbox 2725 3998 2754 4024; x_wconf 78' lang='lat'><em>⁶</em></span> 
     </span>
     <span class='ocr_line' id='line_1_32' title="bbox 607 4100 2708 4187; baseline -0.001 -17"><span class='ocrx_word' id='word_1_244' title='bbox 607 4111 643 4139; x_wconf 77' lang='lat'>‘⁸</span> <span class='ocrx_word' id='word_1_245' title='bbox 689 4108 929 4169; x_wconf 83' lang='lat' dir='ltr'>ventus</span> <span class='ocrx_word' id='word_1_246' title='bbox 974 4102 1140 4169; x_wconf 82' lang='lat' dir='ltr'>dieti</span> <span class='ocrx_word' id='word_1_247' title='bbox 1184 4101 1583 4182; x_wconf 77' lang='lat' dir='ltr'>monasterii,</span> <span class='ocrx_word' id='word_1_248' title='bbox 1630 4104 1863 4187; x_wconf 83' lang='lat' dir='ltr'>postea</span> <span class='ocrx_word' id='word_1_249' title='bbox 1921 4100 2281 4166; x_wconf 82' lang='lat' dir='ltr'>suooessive</span> <span class='ocrx_word' id='word_1_250' title='bbox 2328 4101 2708 4184; x_wconf 57' lang='lat' dir='ltr'>existentem,</span> 
     </span>
     <span class='ocr_line' id='line_1_33' title="bbox 605 4200 2711 4292; baseline -0.001 -20"><span class='ocrx_word' id='word_1_251' title='bbox 605 4214 640 4242; x_wconf 90' lang='lat'><em>“</em></span> <span class='ocrx_word' id='word_1_252' title='bbox 688 4226 911 4272; x_wconf 88' lang='lat' dir='ltr'>omnes</span> <span class='ocrx_word' id='word_1_253' title='bbox 956 4205 1026 4271; x_wconf 79' lang='lat' dir='ltr'>et</span> <span class='ocrx_word' id='word_1_254' title='bbox 1068 4205 1333 4292; x_wconf 78' lang='lat' dir='ltr'>singuli,</span> <span class='ocrx_word' id='word_1_255' title='bbox 1377 4210 1447 4270; x_wconf 83' lang='lat' dir='ltr'>et</span> <span class='ocrx_word' id='word_1_256' title='bbox 1491 4203 1695 4269; x_wconf 81' lang='lat' dir='ltr'>etiam</span> <span class='ocrx_word' id='word_1_257' title='bbox 1740 4200 1968 4267; x_wconf 74' lang='lat' dir='ltr'>Abbas</span> <span class='ocrx_word' id='word_1_258' title='bbox 1997 4207 2067 4267; x_wconf 87' lang='lat' dir='ltr'>et</span> <span class='ocrx_word' id='word_1_259' title='bbox 2111 4201 2496 4269; x_wconf 70' lang='lat' dir='ltr'>Conventus</span> <span class='ocrx_word' id='word_1_260' title='bbox 2539 4203 2711 4290; x_wconf 83' lang='lat' dir='ltr'>ejus-</span> 
     </span>
     <span class='ocr_line' id='line_1_34' title="bbox 609 4306 2787 4394; baseline -0 -20"><span class='ocrx_word' id='word_1_261' title='bbox 609 4315 646 4345; x_wconf 88' lang='lat'><strong>“</strong></span> <span class='ocrx_word' id='word_1_262' title='bbox 692 4309 840 4374; x_wconf 86' lang='lat' dir='ltr'>dem</span> <span class='ocrx_word' id='word_1_263' title='bbox 885 4308 1205 4389; x_wconf 85' lang='lat' dir='ltr'>moderni,</span> <span class='ocrx_word' id='word_1_264' title='bbox 1237 4307 1741 4393; x_wconf 82' lang='lat' dir='ltr'>adquieverunt,</span> <span class='ocrx_word' id='word_1_265' title='bbox 1772 4309 1843 4370; x_wconf 87' lang='lat' dir='ltr'>et</span> <span class='ocrx_word' id='word_1_266' title='bbox 1873 4325 2036 4386; x_wconf 81' lang='lat' dir='ltr'>eam,</span> <span class='ocrx_word' id='word_1_267' title='bbox 2085 4309 2223 4370; x_wconf 75' lang='lat' dir='ltr'>tem</span> <span class='ocrx_word' id='word_1_268' title='bbox 2269 4306 2471 4373; x_wconf 78' lang='lat' dir='ltr'>tacite</span> <span class='ocrx_word' id='word_1_269' title='bbox 2512 4328 2708 4394; x_wconf 78' lang='lat' dir='ltr'>quam</span> <span class='ocrx_word' id='word_1_270' title='bbox 2772 4330 2787 4342; x_wconf 91' lang='lat'><strong>·</strong></span> 
     </span>
     <span class='ocr_line' id='line_1_35' title="bbox 606 4407 2710 4499; baseline -0.001 -22"><span class='ocrx_word' id='word_1_271' title='bbox 606 4416 643 4451; x_wconf 85' lang='lat'><strong><em>“</em></strong></span> <span class='ocrx_word' id='word_1_272' title='bbox 689 4431 1008 4498; x_wconf 76' lang='lat' dir='ltr'>expresse,</span> <span class='ocrx_word' id='word_1_273' title='bbox 1054 4410 1503 4499; x_wconf 73' lang='lat' dir='ltr'>approbarunt</span> <span class='ocrx_word' id='word_1_274' title='bbox 1547 4410 1617 4474; x_wconf 87' lang='lat' dir='ltr'>et</span> <span class='ocrx_word' id='word_1_275' title='bbox 1656 4407 2083 4489; x_wconf 79' lang='lat' dir='ltr'>admiserunt,</span> <span class='ocrx_word' id='word_1_276' title='bbox 2120 4430 2196 4474; x_wconf 78' lang='lat' dir='ltr'>ao</span> <span class='ocrx_word' id='word_1_277' title='bbox 2241 4408 2370 4474; x_wconf 84' lang='lat' dir='ltr'>toti</span> <span class='ocrx_word' id='word_1_278' title='bbox 2414 4412 2485 4474; x_wconf 86' lang='lat' dir='ltr'>et</span> <span class='ocrx_word' id='word_1_279' title='bbox 2528 4411 2710 4476; x_wconf 89' lang='lat' dir='ltr'>omni</span> 
     </span>
    </p>
   </div>
   <div class='ocr_carea' id='block_1_3' title="bbox 670 4686 2097 4824">
    <p class='ocr_par' dir='ltr' id='par_1_3' title="bbox 670 4686 2097 4824">
     <span class='ocr_line' id='line_1_36' title="bbox 674 4686 2097 4745; baseline -0.003 -2"><span class='ocrx_word' id='word_1_280' title='bbox 674 4694 688 4725; x_wconf 80' lang='lat'><strong>¹</strong></span> <span class='ocrx_word' id='word_1_281' title='bbox 716 4692 1048 4745; x_wconf 68' lang='lat' dir='ltr'>tollerantibus</span> <span class='ocrx_word' id='word_1_282' title='bbox 1068 4693 1121 4743; x_wconf 91' lang='lat' dir='ltr'>in</span> <span class='ocrx_word' id='word_1_283' title='bbox 1147 4691 1261 4742; x_wconf 83' lang='lat' dir='ltr'>MS.</span> <span class='ocrx_word' id='word_1_284' title='bbox 1776 4690 1796 4719; x_wconf 71' lang='lat'><strong>³</strong></span> <span class='ocrx_word' id='word_1_285' title='bbox 1816 4686 1962 4738; x_wconf 77' lang='lat' dir='ltr'>setin</span> <span class='ocrx_word' id='word_1_286' title='bbox 1985 4688 2097 4739; x_wconf 79' lang='lat' dir='ltr'>MS.</span> 
     </span>
     <span class='ocr_line' id='line_1_37' title="bbox 670 4768 1343 4824; baseline -0.007 0"><span class='ocrx_word' id='word_1_287' title='bbox 670 4776 691 4804; x_wconf 78' lang='lat'>²</span> <span class='ocrx_word' id='word_1_288' title='bbox 713 4771 1124 4824; x_wconf 70' lang='lat' dir='ltr'>consensientibus</span> <span class='ocrx_word' id='word_1_289' title='bbox 1147 4771 1201 4820; x_wconf 86' lang='lat' dir='ltr'>ln</span> <span class='ocrx_word' id='word_1_290' title='bbox 1230 4768 1343 4820; x_wconf 74' lang='lat' dir='ltr'>MS.</span> 
     </span>
    </p>
   </div>
  </div>
 </body>
</html>
