3467 5717
810 807 939 869 288
1457 802 1778 871 Aur-unns
1820 817 2244 871 nomm-nan

1417 1164 1597 1232 Acta
1638 1164 1853 1232 Aomi
1910 1164 2286 1233 Undecv‘smi.

477 1369 786 1432 an.1430,1.
812 1351 1167 1418 Procas-sus
1212 1350 1615 1437 Apostolicae
1661 1350 2215 1435 confimationis
2257 1372 2467 1440 super
2515 1352 2913 1421 Ordinatio-

1397 1452 1608 1520 ‘nibus
1652 1453 1975 1541 superius
2018 1452 2337 1522 recitatis.

476 1656 586 1706 The
596 1656 790 1719 Abbot,
909 1633 1037 1699 ¹In
1116 1633 1353 1721 vigilia
1426 1634 1765 1699 matutina
1852 1634 2015 1699 anni
2089 1633 2423 1700 undecimi
2512 1635 2918 1721 praelationis

476 1723 789 1853 ffigffind’
814 1735 1103 1801 Abbatis
1165 1735 1212 1800 J
1214 1734 1515 1813 ohannis,
1558 1734 1860 1820 superius
1927 1734 2278 1814 nominati,
2333 1736 2628 1823 respexit
2690 1734 2917 1801 Abbas

477 1870 613 1905 some
634 1869 754 1920 may
814 1837 1032 1903 dictus
1077 1859 1274 1923 super
1318 1836 1786 1902 Ordinationes
1831 1835 2016 1923 prius
2068 1859 2185 1924 per
2231 1858 2381 1902 eum
2425 1836 2720 1925 piissimo
2780 1838 2917 1902 zelo

474 1927 768 2038 iafffflffitff
815 1938 1050 2020 editas,
1083 1938 1482 2024 reduxitque
1511 1938 1675 2004 satis
1702 1943 2002 2004 recenter
2031 1940 2118 2004 ad
2147 1937 2548 2020 memoriam,
2573 1939 2916 2025 quomod0‚

476 2052 556 2102 his
578 2060 750 2131 recent
815 2042 1031 2107 adhuc
1060 2063 1137 2106 eo
1168 2041 1442 2107 vivente
1472 2045 1542 2106 et
1572 2040 2005 2127 ingrediente,
2038 2062 2187 2106 cum
2217 2042 2533 2107 fratribus
2561 2041 2725 2107 satis
2768 2063 2915 2107 con-

479 2120 802 2236 ?dffim’
818 2143 1103 2210 tentiose
1148 2145 1427 2230 egerunt
1470 2164 1695 2207 eorum
1744 2142 2014 2228 quidam
2045 2143 2118 2207 in
2148 2143 2699 2231 permutationem
2746 2142 2917 2230 ipsa-

477 2267 514 2329 2,
532 2253 637 2316 Sup
671 2251 789 2303 uca-
815 2267 982 2312 rum.
1103 2244 1461 2331 Suspicans
1526 2243 1736 2331 igitur
1811 2243 2255 2323 vehementer,
2329 2245 2916 2331 vehementiusque

477 2326 611 2437 ἓξὲξ
633 2335 755 2436 gn·
813 2347 1283 2434 conjecturam,
1313 2346 1639 2432 quomodo
1688 2345 1902 2411 multo
1949 2347 2162 2434 magis
2206 2348 2616 2414 contentiose
2645 2353 2917 2436 agerent

474 2449 755 2568 ἓᾚῑίοῠ,
814 2454 965 2536 post
1011 2455 1289 2515 mortem
1346 2447 1571 2535 ipsius,
1633 2452 1959 2533 quatenus
2012 2452 2241 2514 contra
2299 2470 2528 2516 omnes
2593 2449 2753 2515 tales
2811 2450 2913 2514 in-

472 2582 641 2647 popffi
812 2555 1080 2617 vocaret
1125 2559 1263 2615 tam
1307 2550 1546 2616 coelum
1598 2572 1799 2635 quam
1846 2554 2111 2632 terram,
2164 2550 2620 2638 incurrereque
2670 2550 2912 2616 faceret

814 2654 955 2740 ipso
1007 2653 1183 2718 facto
1240 2653 1370 2717 Dei
1427 2650 1939 2739 omnipotentis,
1992 2653 2228 2739 suique
2282 2652 2308 2691 ²
2330 2653 2633 2740 Supremi
2664 2653 2915 2719 Vicarii

816 2755 922 2820 hic
972 2754 1045 2819 in
1098 2754 1311 2836 terris,
1344 2761 1732 2842 perpetuam
1783 2755 2330 2843 indignationem,
2359 2756 2709 2844 quamdam
2742 2756 2915 2844 Sup-

810 2857 1250 2945 plicationem‚
1274 2879 1394 2945 pro
1424 2858 1850 2945 impetranda
1873 2858 2259 2944 Apostolica
2284 2858 2798 2937 confirmatione,
2822 2859 2911 2923 ad

813 2959 1081 3025 Curiam
1126 2960 1492 3025 Romanam
1540 2960 1811 3042 direxit,
1857 2982 2133 3047 eamque
2177 2960 2299 3027 sub
2341 2960 2550 3026 forma
2606 2982 2757 3046 quae
2801 2960 2911 3027 hic

810 3063 1125 3149 sequitur,
1174 3062 1460 3129 Domino
1506 3062 1888 3150 Apostolico
1932 3063 2177 3151 porrigi
2226 3063 2711 3151 procuravit.—

475 3175 630 3226 Fonn
654 3176 718 3227 of
899 3175 934 3202 “
979 3165 1371 3232 Beatissime
1436 3164 2021 3232 Pater.—Dudum
2068 3165 2329 3233 devotae
2388 3169 2709 3233 creaturae
2768 3188 2912 3232 ves-

473 3242 755 3373 ἓῗὶξξέζξ
810 3272 845 3304 “
891 3273 1030 3347 trae,
1084 3268 1312 3335 Abbas
1357 3273 1429 3334 et
1477 3268 1864 3335 Conventus
1917 3268 2303 3335 Monasterii
2358 3269 2592 3334 Sancti
2648 3268 2928 3347 Albani,

810 3379 845 3405 “
893 3371 1208 3439 Romanae
1240 3371 1548 3438 Ecclesiae
1594 3371 1980 3437 immediate
2027 3371 2331 3458 subjecti,
2378 3371 2652 3437 Ordinis
2682 3371 2914 3438 Sancti

809 3479 847 3509 “
889 3473 1248 3554 Benedicti,
1283 3473 1766 3540 Lincolniensis
1796 3470 1822 3511 ³
1839 3473 2180 3553 Dioecesis,
2211 3497 2410 3563 super
2438 3473 2817 3541 collectione
2845 3478 2916 3539 et

810 3583 845 3611 “
890 3576 1391 3643 conservatione
1466 3575 2060 3643 emolumentorum
2135 3577 2300 3644 dicti
2366 3576 2766 3657 monasterii,
2826 3576 2914 3642 ad

809 3683 847 3712 ‘⁸
893 3699 1237 3745 commune
1288 3679 1759 3765 spectantium,
1790 3685 1863 3745 et
1910 3700 2224 3746 succursu
2272 3682 2344 3746 et
2382 3701 2653 3746 occursu
2695 3700 2914 3745 neces-

807 3786 841 3814 “
886 3778 1164 3845 sitatum
1208 3783 1281 3846 et
1331 3780 1743 3847 evidentium
1773 3802 2046 3848 casuum
2093 3781 2474 3848 monasterii
2519 3780 2798 3868 praefati,
2844 3786 2914 3846 et

809 3889 843 3916 “
889 3880 1067 3948 illius
1109 3904 1554 3971 personarum,
1605 3884 1932 3950 nonnulla
1974 3883 2274 3950 fecerunt
2316 3889 2590 3961 statuta,
2634 3882 2914 3949 inviola-

807 3990 845 4021 “
892 3985 1118 4053 biliter
1163 3985 1595 4065 observanda,
1626 4008 1882 4054 necnon
1933 4009 2053 4075 pro
2100 3987 2520 4074 reparatione
2566 3990 2636 4051 et
2682 4006 2912 4052 manu-

806 4094 844 4123 “
888 4072 1190 4155 tentione
1219 4093 1707 4156 structurarum
1739 4096 1809 4156 et
1837 4089 2267 4157 aedificiorum
2313 4089 2477 4156 dicti
2507 4089 2905 4169 monasterii,

809 4197 846 4226 “
891 4195 963 4256 et
1020 4192 1202 4258 illius
1248 4192 1658 4259 officinarum
1703 4215 1783 4258 ac
1826 4192 2137 4274 locorum,
2185 4193 2269 4259 ad
2315 4193 2535 4280 ipsum
2580 4198 2910 4258 monaste-

808 4300 845 4329 “
893 4293 1069 4360 rium
1113 4294 1615 4381 pertinentium,
1667 4294 1996 4381 quoddam
2054 4295 2361 4376 officium,
2413 4294 2515 4359 illi
2564 4303 2580 4330 ‘
2602 4293 2911 4360 Officium

871 4568 889 4603 ¹
916 4568 1236 4634 Confirmatio
1309 4567 1597 4636 Apoewlica
1657 4586 1808 4637 super
1898 4571 2303 4638 Superncription
2325 4580 2379 4625 to
2402 4573 2550 4625 solios
2573 4576 2753 4628 85-875

804 4651 1045 4700 erectione
1080 4649 1215 4699 εἰσίω
1250 4650 1525 4713 communie,
1558 4666 1621 4701 ac
1659 4652 1808 4701 etiam
1965 4651 1988 4685 ²
2014 4651 2282 4718 suppremi
2299 4651 2353 4703 in
2374 4652 2487 4705 MS.

702 4798 709 4803 ι
804 4744 952 4795 σαρα-
974 4727 1268 4779 institutione
1292 4725 1538 4795 Maqistri
1561 4731 1806 4798 operis.—
1969 4732 1990 4762 ⁸
2007 4730 2244 4782 Dionaeis
2266 4731 2321 4781 in
2347 4731 2461 4783 MS.
