3467 5717
795 832 919 897 146
1444 841 1764 896 ANNALES
1807 841 2235 898 MONASTERII

453 1062 758 1113 A.D.1423.
792 1036 827 1065 “
872 1033 1048 1097 enim
1109 1030 1302 1097 nobis
1368 1036 1754 1098 cunctorum
1815 1033 2129 1112 consciuS,
2173 1031 2501 1118 quomodo
2560 1033 2900 1119 cupiamus

792 1142 828 1171 “
872 1157 991 1201 vos
1035 1155 1262 1200 omnes
1307 1134 1381 1198 in
1411 1134 1664 1200 Christi
1692 1135 2075 1214 visceribus,
2106 1134 2521 1221 qualiterque
2560 1135 2636 1200 in
2674 1137 2899 1201 animo

792 1248 824 1275 “
870 1259 1122 1325 semper
1178 1237 1397 1323 parati
1456 1241 1710 1303 stamus
1768 1237 2059 1302 animam
2119 1259 2360 1323 ponere
2420 1260 2544 1325 pro
2589 1237 2897 1305 omnibus

792 1348 829 1375 “
871 1340 1078 1406 vobis.
1170 1339 1349 1420 Quid
1393 1344 1493 1405 est
1551 1362 1724 1428 ergo,
1772 1340 1916 1423 filii,
1978 1341 2171 1426 quod,
2218 1345 2566 1428 postquam
2613 1362 2732 1408 nos
2774 1363 2895 1408 vos

792 1449 827 1478 “
872 1465 1025 1509 cum
1054 1464 1212 1530 pace
1257 1441 1645 1524 dimisimuS,
1677 1447 1748 1508 et
1790 1442 1919 1508 iter
1958 1443 2344 1529 aliquandiu
2364 1443 2509 1529 jam
2539 1443 2793 1532 egimus
2820 1444 2894 1509 in

792 1550 828 1580 “
872 1545 1157 1627 remotis,
1206 1567 1327 1612 vos
1370 1544 1563 1611 nobis
1605 1546 1745 1610 tale
1790 1544 2249 1612 dedilectionis
2291 1545 2672 1632 praebuistis
2721 1546 2894 1612 indi-

790 1654 827 1685 “
870 1648 1062 1725 cium,
1106 1651 1206 1731 ut,
1251 1646 1443 1714 nobis
1507 1645 1952 1714 scribentibus
1997 1653 2068 1714 et
2112 1648 2644 1732 rescribentibus,
2688 1649 2893 1714 immo

794 1757 831 1786 “
875 1773 994 1838 per
1038 1772 1302 1817 omnem
1345 1750 1841 1817 internuncium
1888 1753 1972 1816 de
2019 1752 2234 1818 nostri
2276 1751 2540 1818 itineris
2588 1751 2894 1819 successi-

788 1859 824 1889 “
867 1854 995 1920 bus
1039 1852 1468 1919 mittentibus
1510 1853 1704 1919 vobis
1762 1854 2035 1940 plenum
2079 1854 2376 1936 verbum,
2421 1876 2557 1936 vos,
2593 1856 2772 1941 quod
2814 1855 2891 1919 in

784 1966 818 1993 “
862 1962 1121 2043 patrem
1165 1955 1447 2043 puderet
1488 1978 1681 2044 agere
1730 1957 1834 2021 vel
1867 1953 1887 1992 ¹
1909 1957 2315 2045 privignum,
2344 1978 2420 2023 ac
2463 1955 2490 1996 ²
2504 1957 2895 2023 abhorreret

787 2065 823 2094 “
866 2058 1045 2123 filius
1075 2078 1373 2124 exercere
1401 2058 1510 2124 vel
1554 2060 1627 2122 in
1673 2080 2043 2143 novercam,
2074 2060 2264 2145 quasi
2310 2060 2496 2147 pueri
2528 2060 2895 2146 gaudentes

786 2166 822 2196 “
867 2161 950 2226 de
994 2159 1295 2226 absentia
1336 2161 1656 2247 magistri,
1689 2161 1894 2228 inerti
1928 2161 2302 2228 indulsistis
2345 2161 2501 2243 otio,
2531 2182 2653 2227 nec
2679 2160 2892 2246 patris

785 2270 820 2301 “
862 2263 1268 2350 gratitudini
1312 2263 1575 2328 dabatis
1617 2263 1915 2329 caritatis
1958 2264 2279 2345 debitum,
2323 2285 2444 2329 nec
2487 2262 2890 2329 salutantem

786 2375 821 2403 “
865 2366 1277 2433 resalutastis
1349 2366 1703 2452 hucusque,
1781 2370 1984 2454 prout
2057 2366 2302 2444 decuit,
2375 2364 2672 2431 filialiter
2741 2385 2889 2431 cum

785 2473 821 2503 “
866 2467 1225 2554 rescripto?
1314 2465 1450 2533 Gur
1514 2468 1743 2556 igitur,
1788 2468 1958 2550 filii,
2026 2468 2122 2535 sic
2173 2468 2650 2551 obmutescitis,
2700 2467 2888 2534 velut

784 2576 820 2606 “
865 2571 1218 2656 degeneres
1247 2574 1317 2635 et
1353 2569 1626 2658 ignavi?
1713 2569 1854 2636 Cur
1897 2570 2212 2638 scribenti
2255 2571 2502 2658 pluries
2537 2569 2647 2636 vel
2687 2568 2890 2636 semel

782 2678 822 2751 ’ἰ
864 2673 1190 2738 calamum
1219 2693 1355 2737 non
1383 2673 1705 2759 repetitis,
1734 2677 1808 2739 et
1835 2694 1957 2739 nos
1987 2674 2074 2740 ad
2103 2673 2511 2741 audiendum
2541 2672 2775 2739 avidos
2804 2672 2887 2737 de

781 2782 815 2811 “
858 2774 1103 2840 vestris
1147 2774 1547 2840 successibus
1591 2775 1999 2842 certioretis?
2061 2776 2192 2856 An,
2220 2776 2307 2842 sd
2350 2776 2567 2843 instar
2596 2775 2886 2841 Deorum

780 2883 817 2914 “
859 2874 1227 2964 gentilium,
1274 2874 1301 2913 ⁸
1317 2896 1392 2942 os
1449 2877 1729 2955 habetis,
1783 2883 1851 2944 et
1895 2878 2091 2962 labia,
2137 2898 2299 2946 voce
2356 2883 2584 2945 tamen
2643 2877 2885 2945 caretis

784 2985 817 3016 “
863 2978 1175 3066 gutturis,
1219 2983 1290 3045 et
1332 2984 1506 3044 nutu
1567 2980 1674 3046 usi
1734 2979 1999 3048 fueritis
2058 3003 2179 3070 pro
2238 2980 2538 3069 loquela?
2625 2978 2757 3057 An,
2794 2978 2885 3044 ad

780 3087 818 3117 “
862 3082 1134 3147 modum
1178 3080 1605 3168 sculptilium,
1655 3104 1895 3149 manus
1937 3083 2220 3166 habetis,
2269 3087 2339 3150 et
2383 3081 2668 3169 pollices,
2714 3081 2887 3146 cala-

779 3190 813 3220 “
858 3206 1041 3249 mum
1088 3189 1315 3251 tamen
1358 3189 1710 3252 attrectare
1756 3207 1890 3254 non
1943 3187 2250 3274 poteritis
2299 3186 2386 3252 ad
2431 3184 2890 3252 scribendum?

779 3292 814 3322 “
859 3286 971 3351 An
1013 3309 1213 3375 penes
1239 3309 1360 3354 vos
1394 3287 1855 3373 demeruimus,
1886 3293 1968 3355 ut
2010 3287 2224 3376 *lapsi
2267 3288 2352 3353 ab
2399 3286 2605 3353 oculis
2632 3285 2885 3352 labere-

775 3395 812 3426 “
857 3413 1009 3455 mur
1037 3391 1239 3457 etiam
1270 3413 1312 3455 a
1338 3390 1687 3472 mentibus,
1719 3396 1805 3469 et,
1838 3392 2029 3478 quasi
2071 3412 2416 3478 nunquam
2450 3389 2642 3456 vobis
2685 3390 2884 3455 bene-

778 3499 814 3529 “
856 3493 1217 3576 fecerimus,
1248 3494 1330 3559 de
1375 3492 1546 3561 libro
1591 3494 1957 3560 deleremur
1999 3492 2352 3577 memoriae,
2384 3497 2454 3559 et
2487 3512 2884 3580 poneremur

778 3601 813 3630 “
859 3595 930 3661 in
976 3616 1251 3663 numero
1279 3617 1430 3662 cum
1475 3595 1702 3662 oblitis
1726 3601 1754 3663 ἲ
1840 3596 1925 3662 In
1954 3602 2301 3683 quantum,
2330 3595 2471 3677 filii,
2499 3614 2620 3660 nos
2650 3591 2886 3659 memi-

778 3703 813 3732 “
857 3697 1096 3781 nimus,
1141 3720 1263 3764 vos
1309 3720 1582 3787 semper,
1629 3703 1709 3766 ut
1753 3697 2023 3787 ⁵proles,
2067 3700 2477 3776 lactavimuS‚
2507 3701 2586 3762 ut
2622 3695 2883 3772 fratres,

777 3805 812 3834 “
857 3800 1242 3883 amavimus,
1315 3803 1879 3889 tractavimusque
1956 3801 2283 3890 quomodo
2357 3800 2582 3883 socios,
2658 3821 2735 3864 ac
2807 3800 2881 3863 in

775 3908 807 3939 “
854 3903 1100 3970 amieos
1129 3926 1266 3991 prae
1294 3904 1551 3971 caeteris
1579 3905 1946 3992 amplexati
1975 3926 2216 3974 sumus.
2268 3903 2406 3971 Vos
2433 3923 2612 3987 vero,
2642 3901 2879 3966 horum

771 4011 811 4042 “
854 4007 1153 4073 omnium
1215 4007 1647 4091 immemoreS,
1693 4030 1814 4097 pro
1881 4006 2012 4074 hiis
2079 4006 2385 4074 omnibus
2440 4004 2553 4071 vel
2616 4002 2880 4069 minimi

774 4112 810 4144 “
854 4109 1086 4197 scripti
1158 4109 1685 4177 membranulam
1759 4107 1789 4151 θ
1805 4111 2148 4201 negligitis
2228 4109 2587 4199 rependere
2660 4106 2878 4173 nobis.

772 4216 806 4247 “
851 4210 1106 4278 Verum
1195 4213 1321 4279 sub
1409 4213 1541 4279 hiis
1620 4211 1646 4255 ⁷
1673 4214 2097 4303 negligentiis
2183 4218 2495 4280 naturam
2575 4208 2602 4253 ⁸
2629 4209 2874 4277 nedum

835 4388 850 4422 ¹
869 4391 1156 4456 previ-quum
1177 4389 1231 4440 in
1252 4391 1367 4443 MS.
1935 4394 1957 4427 ⁶
1982 4394 2161 4446 Taken
2182 4393 2238 4445 in
2260 4393 2347 4445 the
2369 4391 2551 4459 plural.

834 4468 857 4501 ²
876 4467 1117 4520 aborreret
1138 4469 1190 4520 in
1213 4470 1325 4521 MS.
1934 4473 1956 4506 ⁶
1976 4472 2217 4538 necliyitss
2238 4472 2294 4522 in
2316 4471 2430 4523 MS.

835 4548 857 4581 ³
878 4549 942 4599 In
964 4549 1182 4601 allusion
1203 4556 1257 4601 to
1277 4548 1450 4600 Psalm
1472 4565 1664 4602 cxxxv.
1695 4554 1775 4614 16,
1932 4551 1955 4589 ⁷
1977 4552 2275 4619 necliyentiis
2294 4550 2351 4600 in
2373 4549 2487 4602 MS.

770 4630 830 4678 1⁷
1932 4625 1955 4657 ⁸
1977 4626 2222 4691 Supplied
2274 4625 2329 4675 in
2402 4624 2487 4675 the
2548 4622 2764 4687 margin,
2820 4622 2873 4672 in

833 4664 855 4737 Γ*
877 4706 940 4756 In
963 4707 1193 4767 allusion,
1207 4709 1470 4775 probably,
1486 4716 1540 4760 to
1553 4710 1640 4761 the
1662 4726 1776 4775 say-
1865 4705 2081 4758 another
2103 4705 2257 4758 hand.

765 4786 974 4851 ing‚—-“
993 4785 1098 4838 Out
1120 4786 1178 4837 of
1193 4787 1332 4851 sight
1354 4795 1442 4839 out
1464 4787 1527 4840 of
1537 4786 1729 4841 mind.”
