3467 5717
792 814 918 876 138
1438 825 1754 877 ANNALES
1797 824 2225 877 MONASTEBII

447 1028 583 1080 A.D.
613 1034 756 1082 1423.
783 1024 817 1054 “
864 1025 881 1055 ‘
910 1016 1275 1106 pretiabilis
1319 1014 1778 1104 possessionis?
1848 1013 1875 1053 ¹
1899 1014 2030 1083 Sed
2069 1016 2243 1102 quia,
2277 1016 2629 1084 deficiente
2656 1020 2895 1107 gratia,

780 1128 819 1157 “
862 1122 1134 1188 effectus
1163 1142 1282 1208 pro
1325 1124 1491 1186 tunc
1519 1117 1791 1185 affectui
1835 1118 2111 1185 minime
2155 1141 2276 1207 pro
2304 1125 2467 1187 voto
2496 1123 2894 1209 responsalis

782 1229 820 1259 “
865 1222 1097 1303 fuerat,
1128 1223 1202 1287 in
1247 1221 1610 1288 visceribus
1652 1220 1927 1286 virtutis
1972 1242 2171 1306 quam
2216 1221 2455 1305 colitis,
2487 1244 2607 1289 vos
2653 1223 2894 1291 sollici-

780 1333 814 1363 “
858 1331 1082 1391 tamus
1123 1330 1221 1404 ut,
1256 1346 1407 1391 cum
1450 1323 1617 1389 adeo
1661 1344 1980 1412 generosa
2022 1345 2098 1389 ac
2141 1323 2385 1391 nobilis
2414 1325 2504 1391 sit
2534 1326 2892 1393 scientialis

783 1436 819 1464 “
862 1426 1195 1515 possessio,
1241 1425 1416 1511 quod
1461 1425 1826 1491 distributa
1870 1426 2048 1491 inter
2092 1431 2315 1512 partes
2358 1427 2577 1514 majus
2616 1429 2892 1516 suscipit

781 1536 819 1566 “
863 1531 1348 1596 incrementum
1416 1529 1490 1593 in
1556 1525 1584 1564 ²
1607 1527 1881 1593 subdito
1942 1528 2219 1616 prodigo
2265 1549 2464 1616 quam
2509 1552 2729 1612 avaro,
2771 1553 2890 1597 vos

779 1640 812 1667 “
860 1633 943 1697 de
1008 1632 1301 1698 scientiae
1367 1629 1893 1717 eloquentiaeque
1960 1631 2286 1717 operibus,
2330 1631 2404 1696 in
2448 1632 2690 1719 quibus
2752 1654 2888 1720 prae

779 1740 814 1769 “
859 1735 1114 1800 caeteris
1174 1732 1609 1821 participibus
1659 1723 1907 1797 nomen
1955 1732 2373 1799 differentius
2430 1732 2886 1815 haereditastis,

780 1843 816 1871 “
859 1835 1203 1901 nobiscum
1246 1835 1611 1901 liberaliter
1642 1835 2038 1922 participare
2080 1834 2108 1872 ³
2129 1834 2357 1901 velitis
2384 1860 2403 1918 ;
2451 1840 2520 1902 et
2548 1856 2689 1920 nos,
2720 1858 2889 1924 prae-

779 1945 816 1975 “
862 1943 968 2004 ter
1008 1937 1037 1976 ⁴
1057 1938 1339 2024 hymnos
1383 1942 1454 2003 et
1498 1937 1778 2003 honores
1805 1937 1881 2002 in
1910 1937 2153 2023 quibus
2196 1937 2388 2003 vobis
2415 1938 2682 2005 uberius
2710 1961 2891 2007 com-

778 2046 815 2077 “
860 2041 1296 2128 pensabimus,
1340 2039 1655 2106 faciemus
1711 2044 1796 2105 ut
1856 2060 2008 2105 cum
2070 2040 2326 2107 foenore
2378 2041 2591 2107 multo
2635 2042 2890 2108 redibit

778 2151 815 2179 “
859 2145 1108 2231 partita
1151 2142 1409 2230 portio;
1453 2164 1573 2209 nec
1614 2142 1968 2230 pauperior
2012 2143 2141 2209 erit
2185 2142 2493 2225 Phoebus,
2524 2144 2581 2209 si
2609 2146 2887 2233 pauperi

778 2254 811 2282 “
858 2246 1217 2312 distribuat
1262 2244 1289 2282 ⁶
1310 2243 1621 2332 Cynthiae
1654 2245 1737 2311 de
1767 2245 2183 2332 plenitudine
2214 2267 2350 2312 suae
2393 2246 2577 2313 lucis,
2672 2247 2884 2314 Immo

775 2355 811 2385 “
859 2353 928 2414 et
993 2347 1095 2415 ita
1160 2348 1649 2427 distribuentes
1715 2348 1888 2413 hanc
1951 2348 2026 2412 in
2093 2369 2483 2436 puerperam
2545 2349 2883 2416 liberalem

778 2460 814 2488 “
857 2452 1297 2519 vendicabitis
1341 2456 1571 2530 artem,
1616 2473 1765 2539 quae
1808 2471 2065 2538 semper
2129 2455 2429 2518 tenacem
2490 2452 2566 2518 in
2612 2453 2883 2520 fastidio

775 2561 812 2593 “
856 2554 1063 2621 habet
1113 2555 1429 2638 animum,
1490 2575 1613 2620 nec
1656 2575 2055 2641 quemquam
2115 2553 2405 2620 libenter
2447 2554 2695 2642 aspicit,
2750 2555 2885 2621 nisi

776 2665 812 2693 “
857 2678 1007 2722 cum
1054 2657 1186 2723 cito
1230 2654 1257 2696 ⁶
1273 2661 1542 2744 spargat
1587 2674 1760 2743 opeS,
1813 2661 1882 2722 et
1931 2656 2105 2722 hunc
2158 2658 2625 2724 tantummodo
2671 2659 2884 2745 poeni-

778 2767 812 2795 “
855 2764 998 2826 teat
1027 2760 1386 2846 perdidisse
1416 2758 1442 2801 ⁷
1460 2759 1638 2825 diem
1669 2759 1742 2824 in
1772 2780 1903 2846 quo
1924 2758 2182 2826 nemini
2203 2758 2546 2827 benefecit.
2640 2760 2882 2848 Igitur,

776 2870 810 2899 ‘⁴
854 2862 954 2927 fili
997 2862 1024 2902 Β
1044 2863 1431 2941 Rhetoricae,
1488 2862 1571 2929 de
1617 2862 1852 2929 matris
1909 2861 2220 2950 operibus
2263 2862 2455 2928 nobis
2500 2884 2881 2950 quaesumus

772 2969 809 3000 ‘⁴
853 2964 1214 3032 liberaliter
1267 2964 1706 3047 distribuatis,
1754 2986 1903 3031 cum
1964 2963 2113 3030 Diis
2173 2964 2497 3032 chronicis
2554 2965 2630 3030 in
2690 2965 2883 3032 atriis

771 3074 807 3103 “
850 3067 1224 3155 Apollineis
1268 3068 1341 3134 in
1384 3088 1606 3136 aevum
1649 3067 1929 3135 feliciter
1972 3065 2311 3134 valituri.”

439 3179 550 3231 The
573 3180 750 3234 Abbot
864 3171 1121 3252 Quibus
1168 3171 1445 3258 scriptis,
1489 3171 1659 3237 hanc
1709 3169 2053 3236 civitatem
2100 3170 2428 3258 insignem
2478 3170 2765 3258 reliquit,
2794 3171 2881 3236 ad

437 3248 699 3377 fflffnoe,
773 3273 1131 3360 urbemque
1170 3274 1490 3341 Senarum
1529 3274 1605 3339 in
1642 3273 1881 3339 Tuscia
1919 3272 2160 3339 itinere
2195 3273 2331 3339 diei
2370 3274 2570 3339 unius
2612 3295 2882 3362 prosper

436 3381 748 3457 andreaehes
772 3398 921 3441 cum
995 3377 1131 3442 suis
1205 3377 1555 3464 pervenit3
1622 3375 1744 3441 ubi
1813 3395 2101 3462 praesens
2171 3381 2243 3441 et
2311 3374 2653 3461 inquirens
2712 3376 2875 3464 quid

437 3447 641 3500 Saenna.
771 3478 1109 3565 hucusque
1184 3484 1408 3546 actum
1482 3482 1654 3545 esset
1717 3499 1839 3565 pro
1908 3475 2376 3543 reformatione
2428 3477 2752 3560 Ecclesiae,
2808 3481 2879 3544 et

770 3579 938 3645 sacri
1005 3580 1282 3647 Concilii
1347 3579 1805 3658 celebratione,
1870 3579 2145 3646 allatam
2219 3579 2471 3666 accepit
2543 3578 2873 3645 scedulam

769 3681 1217 3749 continentem
1268 3682 1605 3750 decretum
1656 3682 2035 3750 celebrandi
2088 3681 2367 3750 Concilii
2417 3681 2687 3764 ibidem,
2748 3681 2873 3749 sub

769 3783 892 3850 hac
934 3784 1252 3851 forma.—

433 3889 644 3954 Decree,
658 3892 744 3942 de·
861 3893 899 3923 “
929 3887 1359 3955 Sacrosancta
1429 3891 1501 3955 et
1568 3887 1892 3976 generalis
1965 3885 1993 3927 ⁹
2014 3886 2326 3975 Synodus
2391 3885 2717 3965 Senensis
2794 3886 2868 3952 in

433 3955 624 4034 claring
645 3958 732 4010 the

436 4032 660 4074 connnu-
772 3999 804 4028 “
851 3990 1115 4079 Spiritu
1161 3992 1407 4060 Sancto
1452 3991 1751 4079 legitime
1810 3996 2222 4080 congregata,
2267 3989 2710 4056 universalem
2756 3988 2877 4055 Ec—

1764 4180 1823 4186 .——
2276 4181 2347 4185 —
2376 4180 2391 4185 μ
2444 4179 2583 4185 ...ομ
2646 4180 2659 4184 -
2696 4180 2707 4183 μ
2758 4178 2871 4185 k,—

835 4314 848 4344 ¹
878 4313 968 4363 Set
989 4313 1042 4362 in
1063 4312 1176 4364 MS.
1934 4312 1956 4344 ⁶
1975 4320 2173 4378 ,sper-yut
2196 4312 2250 4362 in
2274 4313 2387 4364 MS.

832 4406 854 4438 ‘2
871 4396 989 4457 sub}
1013 4405 1062 4455 in
1087 4407 1198 4457 MS·
1930 4392 1951 4428 ⁷
1974 4393 2035 4441 In
2072 4392 2289 4443 allusion
2325 4399 2380 4441 to
2424 4392 2513 4442 the
2552 4392 2871 4444 well-known

833 4487 854 4518 a
878 4485 1052 4536 „effi-153
1073 4485 1128 4534 in
1150 4486 1264 4537 MS·
1860 4471 2196 4522 exclamation
2220 4471 2280 4521 of
2296 4471 2384 4522 the
2406 4470 2652 4537 Emperor
2673 4471 2833 4522 Titus.

830 4568 848 4595 a
867 4581 1069 4630 ’,βψω
1092 4564 1147 4614 in
1168 4564 1280 4615 MS·
1925 4550 1947 4578 ⁸
1970 4549 2228 4601 Rethorice
2248 4549 2301 4600 in
2324 4549 2442 4603 MS.

833 4642 853 4675 ⁵
880 4642 1092 4694 cinthia·
1114 4642 1168 4694 in
1191 4644 1300 4695 MS.
1924 4632 1946 4665 ⁹
1973 4632 2188 4683 Sindus
2208 4632 2265 4684 in
2289 4633 2407 4687 MS·
