3467 5717
780 791 812 852 1
825 789 909 851 94⁴
1312 835 1322 845 -
1443 802 1539 853 AN
1541 804 1589 853 N
1590 800 1760 852 ALES
1805 798 2227 852 MONASTERH

441 992 580 1048 A-D·
609 998 751 1045 1424·
867 986 1016 1069 Qua
1057 987 1321 1055 scedula
1363 988 1670 1076 perlecta,
1716 992 1788 1055 et
1832 986 2168 1055 sententia
2225 985 2299 1051 in
2357 984 2705 1052 audientia
2742 1006 2881 1051 om-

441 1083 755 1199 Tlggtowns-
777 1090 965 1157 nium
1008 1091 1271 1178 publice
1323 1091 1670 1170 declarata,
1717 1090 1996 1156 stabant
2039 1088 2274 1157 villani
2317 1087 2610 1166 attoniti,
2666 1088 2885 1173 quasi-

442 1165 755 1267 fflruefffiith
779 1213 908 1278 que
968 1191 1161 1258 alteri
1226 1198 1633 1259 accusatores
1698 1192 1995 1258 mulieris
2041 1190 2384 1273 adulterae,
2428 1188 2455 1227 1
2479 1193 2885 1256 recesserunt

443 1282 721 1400 ffissssgd
778 1294 1102 1383 protinus,
1145 1317 1266 1362 nec
1338 1295 1622 1384 amplius
1674 1294 1810 1361 illis
1854 1292 2265 1382 temporibus
2308 1293 2559 1359 dehac
2604 1291 2887 1358 materia

442 1386 610 1467 retire’.
780 1396 984 1463 locuti
1027 1398 1224 1465 fuere.
1316 1397 1570 1466 Videns
1598 1402 1827 1465 autem
1856 1396 2088 1463 Abbas
2120 1395 2449 1483 quomodo
2478 1398 2885 1462 remanserat

780 1499 922 1586 ipse
963 1500 1158 1579 solus,
1203 1503 1274 1566 et
1315 1499 1556 1566 fratres
1600 1499 1718 1585 qui
1761 1499 2051 1579 accusati
2118 1498 2388 1565 fuerant
2449 1497 2623 1564 circa
2664 1497 2883 1584 ipsum

778 1607 1050 1682 stantes,
1078 1602 1429 1669 inclinatos
1472 1602 1546 1668 in
1588 1608 1837 1669 terram
1879 1602 2173 1669 elevavit
2202 1601 2444 1685 oculoa
2474 1605 2547 1668 et
2579 1598 2756 1666 dixit
2777 1623 2886 1681 ;—

781 1712 818 1741 “
864 1704 1040 1786 Quia
1102 1725 1297 1772 nemo
1347 1725 1436 1770 ex
1500 1703 1634 1770 hiis
1690 1703 2001 1771 omnibus
2067 1704 2187 1790 qui
2237 1724 2360 1771 ves
2416 1706 2887 1771 acmrsaverant

782 1810 818 1840 “
860 1804 936 1870 in
979 1810 1270 1873 vestram
1314 1806 1929 1873 condemnationem
1978 1805 2127 1891 jam
2170 1810 2524 1894 comparet,
2564 1805 2721 1871 nolo
2764 1825 2885 1870 vos

783 1911 820 1943 “
864 1908 1318 1987 condemnare,
1344 1907 1623 1991 fratres;
1667 1908 1872 1974 immo
1918 1909 2134 1997 magis
2178 1907 2371 1975 vobis
2414 1929 2564 1975 cum
2611 1906 2882 1973 Christo

782 2014 820 2045 “
864 2010 1197 2076 consulere
1261 2004 1408 2095 jam
1479 2008 1765 2093 vadatis,
1826 2014 1900 2077 et
1972 2011 2186 2078 nolite
2250 2010 2533 2099 amplius
2597 2029 2881 2097 peccare.

780 2114 818 2147 “
862 2108 1253 2197 Priusquam
1299 2116 1527 2178 tamen
1576 2110 1990 2192 recesseritis,
2021 2112 2337 2179 inclinate
2380 2134 2468 2199 pa
2540 2112 2556 2128 ⁶
2737 2110 2882 2176 ani-

781 2215 820 2248 “
863 2233 1064 2290 mum,
1110 2218 1180 2280 et
1221 2212 1412 2295 hanc,
1457 2234 1610 2300 quae
1669 2214 1991 2301 sequitur,
2036 2214 2405 2293 lectionem,
2457 2234 2598 2281 non
2655 2212 2880 2278 minus

780 2317 820 2349 “
859 2313 1252 2402 regulariter
1295 2336 1497 2403 quam
1540 2316 1889 2404 sagaciter,
1936 2316 2398 2405 reportetis.—

445 2429 637 2482 Vei-ses
657 2442 735 2480 ’θ’
871 2445 913 2477 “
959 2440 1176 2508 Cauta
1217 2442 1598 2509 relaxandae
1643 2464 1796 2509 cum
1840 2442 1933 2509 sit
1977 2442 2343 2509 moderatio
2385 2440 2649 2529 linguae,

447 2561 534 2612 the
556 2562 736 2611 Abbot
871 2549 907 2579 “
951 2541 1175 2608 Prima
1219 2543 1521 2611 locuturo
1566 2544 1726 2612 data
1771 2543 1969 2610 lectio
2015 2543 2041 2585 ²
2056 2544 2379 2634 religioso,

446 2635 501 2677 ¹²⁰
523 2627 610 2677 ὼε
873 2649 911 2680 “
958 2650 977 2682 ‘
1006 2643 1227 2710 Discit
1268 2645 1619 2730 inutiliter,
1665 2646 1965 2734 loquitur
2008 2645 2121 2732 qui
2170 2648 2384 2713 multa
2424 2644 2746 2712 libenter!

686 2729 699 2742 ⁶
873 2749 913 2782 ‘⁴
959 2745 1278 2812 Humana
1321 2747 1550 2836 lingua
1593 2770 1747 2835 pars
1790 2748 2004 2815 fertur
2048 2748 2334 2835 denique
2377 2747 2582 2827 nulla,

808 2920 820 2933 .
859 2836 905 2884 '“
951 2847 1234 2935 Dignior
1276 2854 1396 2915 aut
1439 2849 1686 2931 melior,
1733 2850 1961 2918 meriti
2005 2872 2117 2917 seu
2158 2871 2429 2917 munere
2469 2850 2698 2938 major,

871 2954 910 2986 “
953 2950 1135 3016 Dum
1177 2950 1348 3019 bene
1391 2956 1726 3019 scrutatur
1771 2952 1953 3039 quid,
1997 2952 2337 3040 quomode,
2381 2951 2607 3039 qualia
2647 2950 2845 3018 satur.

870 3056 909 3088 “
952 3051 1030 3118 Si
1070 3054 1285 3141 picam
1329 3054 1592 3138 similet,
1637 3076 1776 3122 non
1821 3076 2056 3121 curans
2100 3054 2322 3143 qualia
2364 3054 2558 3138 dicet,

870 3159 908 3192 “
951 3154 1095 3222 Nec
1137 3156 1311 3243 regit
1357 3178 1475 3224 ora
1515 3179 1691 3246 vaga
1734 3157 1948 3223 solida
1991 3157 2275 3224 rationis
2317 3155 2600 3237 habena,

869 3263 905 3293 “
948 3256 1051 3323 De
1094 3258 1275 3325 facili
1318 3263 1548 3348 captas
1590 3259 1842 3348 poterit
1887 3258 2248 3326 dissolvere
2290 3262 2559 3347 treugas

868 3364 904 3397 “
947 3358 1154 3440 Pacis,
1197 3364 1269 3426 et
1311 3360 1386 3428 in
1428 3361 1550 3427 lite
1592 3361 1818 3428 civilia
1862 3361 2039 3428 bella
2081 3382 2361 3430 movere.

871 3467 906 3497 “
950 3461 1188 3543 Quare,
1232 3463 1364 3529 viri
1407 3464 1664 3544 stati-es,
1709 3464 1995 3532 doceant
2038 3486 2188 3531 cum
2234 3460 2262 3503 ⁸
2275 3463 2805 3552 prophetizantes

867 3567 907 3600 “
950 3561 1069 3627 Nil
1110 3564 1396 3631 tacuisse
1436 3569 1648 3647 nocet,
1694 3566 1926 3633 nocuit
1966 3570 2198 3633 tamen
2243 3587 2383 3633 esse
2425 3566 2739 3645 locutum,

868 3669 906 3700 “
946 3663 1106 3728 Non
1148 3671 1383 3732 noceat
1424 3667 1666 3733 vestris
1709 3668 1870 3735 dare
1915 3672 2114 3735 cauta
2155 3667 2426 3734 silentia
2467 3667 2729 3757 linguis,

868 3769 908 3799 “
951 3762 1044 3829 Et
1087 3766 1258 3831 male
1301 3788 1641 3835 succensas
1684 3770 2078 3858 extinguere
2120 3771 2399 3837 nutibus
2442 3770 2593 3838 iras.

864 3871 903 3900 “
947 3864 1055 3930 Ex
1099 3866 1370 3935 modicis
1412 3869 1623 3936 nimia
1663 3870 1693 3908 ⁴
1713 3871 2024 3938 scintillis
2067 3893 2351 3939 crescere
2393 3873 2661 3939 flamma

867 3973 910 4005 “
955 3968 1212 4052 Fertur,
1259 3975 1330 4038 et
1372 3992 1414 4036 a
1456 3972 1648 4038 tenui
1689 3972 1776 4039 lis
1822 3995 2088 4063 surgere
2130 3974 2400 4041 flamine
2442 3974 2648 4041 venti.

871 4074 912 4110 “
959 4069 1163 4138 Unde
1208 4072 1498 4141 locuturi
1540 4074 1704 4142 data
1748 4074 1981 4143 discite
2015 4075 2197 4163 jura·
2214 4076 2570 4164 loquendi;

868 4177 906 4209 ‘⁴
952 4170 1222 4261 Semper
1263 4174 1341 4240 in
1384 4196 1544 4242 aure
1587 4175 1806 4264 gregis
1850 4176 2021 4245 levis
2066 4180 2169 4246 est
2212 4177 2463 4246 occasio
2506 4175 2703 4245 litis.”

847 4407 864 4439 ¹
891 4409 956 4460 In
995 4410 1210 4463 allusion
1255 4413 1511 4481 generally
1545 4421 1601 4467 to
1641 4415 1782 4467 John
1942 4418 1966 4452 ⁸
1978 4419 2192 4485 ρΙιὸῖιῑιω
2212 4420 2266 4471 in
2287 4419 2402 4473 MS.

773 4488 874 4540 viii.
898 4494 1046 4541 3-11.
1309 4532 1324 4547 κ
1940 4498 1961 4530 ⁴
1983 4497 2181 4550 simiai:
2200 4497 2257 4550 ln
2279 4497 2393 4552 MS.

841 4566 864 4599 ²
885 4567 1124 4634 reuiqiooo
1145 4568 1201 4621 in
1223 4569 1336 4624 MS.
