3467 5717
1362 812 1611 864 saue-n
1656 812 1934 866 ALBANI.
2565 782 2694 869 225

588 1007 626 1039 “
660 1000 901 1088 jaculo,
948 1001 1128 1088 quod
1188 1000 1546 1068 dolendum
1599 1007 1717 1082 est,
1765 1002 2101 1068 vulnerati
2159 1002 2425 1090 jaceant
2484 1003 2692 1071 haere-
2719 1004 3026 1066 ⁸0¹³·142627·

586 1109 623 1141 “
667 1103 820 1170 ticae
864 1103 1215 1191 opinionis,
1261 1107 1333 1170 et
1375 1104 1630 1171 insanae
1652 1130 1669 1185 ;
1716 1105 1926 1191 fitque
1985 1126 2125 1170 non
2181 1106 2436 1172 modica
2494 1105 2692 1193 hujus

586 1211 623 1242 ‘⁸
667 1204 1151 1271 vulnerationis
1210 1205 1460 1271 occasio
1520 1205 1839 1272 librorum
1901 1206 2220 1293 possessio
2286 1213 2355 1273 et
2420 1206 2690 1288 lectura,

584 1316 620 1344 “
664 1307 781 1394 qui
827 1306 1212 1373 scribuntur
1256 1306 1329 1371 in
1374 1307 1635 1395 vulgari
1684 1306 1704 1344 ¹
1726 1306 2044 1374 idiomate
2089 1313 2317 1374 nostro
2327 1332 2343 1388 ;
2385 1308 2702 1375 volumus

582 1418 615 1446 “
662 1415 733 1475 et
777 1409 1212 1497 praecipimus,
1257 1430 1349 1488 ac,
1397 1413 1721 1495 quantum
1768 1430 1917 1474 cum
1949 1408 2094 1475 Deo
2138 1409 2514 1497 poterimus,
2559 1410 2692 1477 dis-

582 1519 620 1549 “
663 1512 926 1578 trictius
972 1510 1462 1590 demandamus,
1508 1516 1587 1577 ut
1632 1531 2058 1597 quoscunque
2118 1512 2559 1599 cognoveritis
2616 1513 2690 1577 in

582 1619 621 1651 “
667 1617 1000 1701 posterum
1061 1611 1440 1697 hujusmodi
1483 1610 1707 1698 ’apud
1754 1633 1825 1677 se
1875 1610 2294 1698 frequentare
2350 1613 2688 1692 lecturam,

583 1723 619 1752 “
663 1720 783 1780 aut
826 1712 1044 1801 2apud
1089 1735 1158 1779 se
1202 1714 1444 1779 habere
1486 1712 1692 1779 libros
1734 1713 2009 1800 aliquos,
2042 1720 2111 1781 et
2149 1714 2317 1780 tales
2356 1715 2685 1802 praecipue

584 1825 621 1855 “
664 1816 778 1902 qui
837 1821 959 1882 aut
1017 1817 1364 1881 materiam
1418 1820 1539 1882 aut
1583 1815 1986 1882 occasionem
2031 1817 2409 1883 ministrare
2451 1816 2479 1855 ⁸
2496 1821 2684 1904 pote·

583 1926 615 1955 “
658 1922 819 1982 runt
863 1938 1151 1983 erroneae
1195 1917 1547 2005 opinionis,
1595 1922 1666 1983 et
1710 1917 2039 2004 malignae,
2077 1917 2225 1983 sitis
2269 1917 2532 1985 solliciti
2563 1940 2683 2005 pro

579 2027 615 2056 “
661 2019 919 2084 viribus
964 2019 1086 2084 hos
1129 2018 1334 2084 libros
1379 2019 1465 2084 ab
1510 2018 1669 2104 ipsis
1714 2019 2194 2106 possessoribus
2220 2020 2570 2107 repellere3
2613 2026 2682 2086 et

578 2130 615 2158 “
658 2122 715 2186 si
758 2127 1003 2187 vestrae
1062 2121 1237 2187 vires
1295 2120 1380 2186 ad
1441 2120 1678 2189 horum
1739 2120 2006 2186 finalem
2064 2121 2394 2207 repulsam
2439 2142 2681 2207 nequa-

582 2230 619 2259 “
665 2245 863 2309 quam
909 2223 1269 2288 videantur
1311 2222 1502 2287 vobis
1554 2222 1863 2303 sufficere,
1910 2227 2156 2289 extunc
2200 2223 2283 2288 de
2329 2222 2459 2288 hiis
2494 2224 2683 2289 libris

580 2331 620 2362 “
666 2325 1119 2410 librorumque
1165 2323 1522 2390 lectoribus
1566 2323 1827 2390 faciatis
1870 2324 2012 2390 sine
2056 2324 2377 2390 dilatione
2423 2346 2683 2412 expres-

577 2435 611 2463 “
656 2449 796 2492 sam
842 2425 1394 2513 significationem
1458 2426 1517 2491 ei
1581 2426 1689 2492 cui
1753 2425 2008 2512 plenior
2049 2426 2410 2514 fortiorque
2473 2433 2683 2495 restat

578 2535 614 2565 “
658 2528 1020 2595 auctoritas
1078 2526 1152 2592 in
1220 2549 1298 2593 ea
1372 2533 1578 2614 parte,
1646 2532 1977 2613 quatenus
2050 2527 2175 2594 sub
2244 2549 2378 2594 uno
2446 2530 2677 2616 capite,

577 2637 612 2667 “
657 2629 943 2710 Christo,
1009 2650 1147 2694 una
1218 2629 1309 2694 sit
1372 2629 1532 2695 fides
1607 2630 1921 2708 omnium,
1994 2651 2257 2715 unaque
2303 2630 2678 2719 baptisma3

579 2738 616 2768 “
658 2753 906 2817 vosque
967 2731 1251 2810 solliciti,
1302 2731 1510 2816 juxta
1558 2731 1930 2798 doctrinam
1977 2731 2004 2768 ⁴
2022 2731 2347 2819 Apostoli,
2395 2732 2480 2798 ad
2542 2755 2679 2799 ser-

581 2842 619 2873 “
663 2836 949 2902 vandam
994 2835 1324 2902 unitatem
1371 2835 1659 2922 Spiritus
1702 2835 1777 2899 in
1807 2835 2076 2902 vinculo
2121 2837 2316 2923 pacis,
2347 2858 2463 2923 per
2502 2836 2676 2904 Eum

579 2946 614 2975 “
657 2940 773 3025 qui
817 2944 920 3004 est
962 2937 1349 3003 benedictus
1391 2937 1462 3002 in
1508 2937 1764 3004 saecula.
1853 2936 2128 3004 Amen.''

668 3039 924 3120 Quibus
984 3038 1190 3120 lectis,
1250 3042 1319 3105 et
1379 3038 1407 3075 ⁶
1428 3039 1861 3126 Synodaliter
1925 3038 2295 3127 publicatis,
2367 3040 2680 3127 praecepit
2704 3048 2814 3099 The
2839 3049 3017 3102 Abbot

578 3140 806 3207 Abbas
866 3140 1014 3206 illas
1075 3162 1291 3208 coram
1352 3142 1495 3228 ipso
1539 3141 1764 3209 vocari
1809 3141 2205 3230 vulpeculas,
2250 3141 2367 3226 qui
2412 3142 2676 3207 vineam
2703 3130 2981 3233 ῑῗξξῗω,

576 3242 990 3310 conabantur
1031 3242 1058 3281 ⁰
1078 3243 1378 3309 demoliri
1425 3243 1865 3324 dominicam3
1911 3244 2198 3330 ipsisque
2243 3245 2679 3330 comparenti·
2701 3250 2879 3313 pectes
2900 3249 2963 3300 οῖ

576 3345 716 3421 bus,
765 3367 951 3410 orsus
995 3351 1097 3411 est
1141 3365 1507 3411 sermonem
1557 3367 1673 3433 per
1717 3346 1896 3410 hunc
1940 3345 2320 3413 modum.—·
2702 3316 2883 3433 {2¹⁸ssss
2904 3322 2958 3367 ω
2985 3391 3008 3433 t

671 3453 706 3483 ‘⁸
739 3447 980 3525 Filioli,
1026 3449 1310 3530 utinam,
1372 3469 1509 3513 non
1571 3448 1799 3525 Belial,
1848 3447 1962 3514 sed
2026 3447 2228 3513 Ihesu
2272 3446 2676 3517 ⁷Ohristi.—
2702 3446 3016 3511 beforemm

577 3558 611 3585 “
657 3549 1005 3615 Detectum
1040 3555 1144 3615 est
1187 3571 1404 3616 coram
1448 3549 1643 3615 nobis
1686 3556 1758 3616 et
1792 3553 2023 3617 contra
2053 3553 2307 3617 vestras
2349 3572 2677 3638 personas,
2702 3515 2913 3631 ω’

575 3659 609 3686 “
655 3653 983 3738 quomodo
1028 3673 1163 3731 vos,
1207 3651 1398 3737 quasi
1441 3652 1588 3739 apri
1631 3673 1896 3718 voraces
1942 3651 2024 3717 de
2068 3652 2282 3738 sylva,
2325 3674 2469 3718 eam
2513 3653 2674 3719 niti·
2700 3647 2855 3699 ‘¹¹0⁰‘-

580 3758 615 3788 “
662 3752 829 3818 mini
874 3752 1265 3819 confundere
1296 3754 1580 3835 vineam,
1613 3775 1812 3840 quam
1859 3753 2195 3842 plantavit
2239 3753 2367 3820 Dei
2413 3754 2671 3835 dextra,

576 3861 614 3893 “
658 3855 999 3941 velutique
1028 3854 1395 3942 singulares
1424 3855 1599 3938 ferae,
1631 3862 1701 3922 ct
1730 3854 1757 3894 ⁸
1775 3857 2100 3944 colligatae
2129 3857 2511 3944 vulpeculae,
2546 3858 2673 3922 sol-

576 3965 612 3994 “
655 3957 822 4024 liciti
867 3957 1027 4024 estis
1072 3978 1450 4024 consumere
1493 3960 1666 4024 vites
1705 3958 2084 4038 dominicas,
2113 3982 2189 4025 ac
2231 3960 2459 4025 rodere
2503 3980 2677 4025 race-

578 4067 613 4094 “
658 4079 800 4123 mos
852 4059 1010 4125 fidei
1063 4064 1510 4126 sacrosanctae.
1624 4058 1709 4126 In
1764 4061 1977 4146 specie
2021 4060 2394 4146 depositum
2439 4064 2558 4138 est,
2605 4067 2675 4125 et

573 4169 611 4196 “
656 4160 1114 4248 multipliciter
1157 4166 1570 4240 attestatum,
1601 4161 1781 4248 quod
1812 4182 1933 4228 vos
1976 4161 2049 4227 in
2079 4161 2320 4228 vestris
2364 4161 2674 4227 custodiis

679 4485 921 4551 ydiomaee
942 4487 996 4536 in
1018 4484 1133 4536 ΜΒ.
1733 4484 1757 4517 ⁸
1783 4482 2083 4535 &sodalita-
2104 4484 2157 4533 in
2180 4484 2295 4536 ΜΒ.

637 4564 660 4597 ²
680 4573 805 4631 aput
824 4565 876 4615 in
896 4564 1011 4617 ΜΒ.
1736 4561 1760 4595 ⁶
1781 4561 2015 4613 demollit-i
2034 4561 2089 4612 in
2104 4560 2220 4613 MS.

674 4643 893 4709 poterint
913 4643 968 4695 in
986 4632 1101 4697 MS.
1734 4641 1758 4679 ⁷
1787 4640 1945 4691 Crini
1981 4641 2033 4691 in
2056 4639 2169 4692 MS.

685 4721 970 4788 Ephesiam
991 4723 1057 4775 iv.
1081 4730 1129 4775 8.
1737 4721 1761 4753 ⁸
1785 4719 1845 4770 In
1873 4719 2082 4772 allusion
2107 4728 2161 4771 to
2184 4719 2373 4784 Judqee
2393 4736 2480 4772 xv.
2504 4728 2551 4772 4.

2367 4817 2411 4866 Ρ
