3467 5717
839 754 921 820 31
932 754 973 817 4
1483 762 1804 817 ANNALES
1847 762 2272 817 MONASTERII

502 949 638 1004 A-D-
667 956 810 1007 1⁴33·
837 958 872 988 “
915 951 1072 1018 huie
1115 950 1366 1018 eedulae
1413 954 1705 1033 consuto,
1749 949 2179 1039 specificatae;
2236 969 2358 1017 nee
2399 971 2696 1039 unquam
2739 956 2939 1019 antea

836 1061 872 1090 “
915 1075 1033 1141 per
1099 1074 1227 1133 eos,
1288 1056 1411 1119 aut
1485 1075 1712 1119 eorum
1786 1054 2096 1141 aliquem,
2158 1058 2279 1120 aut
2339 1053 2553 1137 aliter,
2623 1056 2938 1122 notitiam

838 1161 875 1191 “
919 1157 1077 1223 inde
1106 1155 1481 1225 habuimus,
1573 1156 1667 1222 Et
1710 1160 2062 1244 postquam
2107 1155 2380 1242 aliquod
2406 1157 2608 1225 breve
2635 1162 2933 1225 vestrum

833 1265 867 1293 “
910 1259 1167 1346 regium
1194 1257 1386 1324 nobis
1415 1257 1607 1324 venit
1641 1258 1724 1323 de
1769 1258 2214 1346 permittendo
2259 1258 2472 1325 dictos
2499 1259 2838 1327 Abbatem
2865 1265 2938 1328 et

834 1365 872 1396 “
918 1361 1229 1440 Priorem,
1262 1359 1336 1424 in
1365 1360 1544 1427 dicto
1586 1360 1796 1443 brevi,
1828 1360 2269 1448 praesentibus
2312 1367 2606 1441 consuto,
2633 1362 2933 1429 nomina-

830 1467 868 1500 “
911 1467 1034 1546 tos,
1065 1463 1175 1529 vel
1213 1483 1440 1528 eorum
1484 1462 1790 1550 aliquem,
1835 1463 2077 1530 habere
2121 1463 2498 1530 libertatem
2528 1465 2927 1553 praedictam,

833 1570 870 1602 “
913 1586 1259 1652 nunquam
1320 1564 1504 1630 aliud
1550 1564 1825 1652 egimus,
1870 1588 1994 1633 nee
2036 1567 2537 1647 attentavimus,
2582 1573 2816 1635 eontra
2857 1568 2928 1634 id

829 1674 865 1703 “
909 1688 996 1752 qu
1004 1666 1091 1732 od
1113 1671 1407 1732 vestrum
1441 1666 1854 1750 mandatum,
1878 1668 1987 1734 vel
2016 1667 2290 1754 aliquod
2317 1668 2701 1755 hujusmodi
2728 1670 2929 1737 breve

826 1773 863 1804 “
908 1774 1222 1850 vestrum,
1269 1768 1481 1856 exigit
1509 1774 1630 1835 aut
1674 1770 1970 1855 requirit.
2050 1769 2220 1836 ¹Sed
2249 1772 2322 1836 in
2351 1771 2675 1852 omnibus,
2716 1796 2925 1859 quan-

828 1880 862 1907 “
907 1875 1055 1937 tum
1085 1871 1159 1937 in
1186 1871 1379 1937 nobis
1409 1875 1526 1950 est,
1558 1871 1820 1937 eosdem
1855 1871 2189 1939 Abbatem
2219 1876 2290 1939 et
2321 1873 2612 1940 Priorem
2653 1873 2924 1942 liberta-

828 1980 864 2011 “
910 1979 1047 2042 tem
1077 1973 1462 2062 praedictam
1506 1974 1751 2041 habere
1794 1975 2231 2062 permisimus,
2262 1982 2462 2063 prout
2489 1999 2608 2065 per
2652 1978 2924 2065 praedio-

827 2081 865 2114 “
909 2081 1054 2142 tum
1074 2076 1294 2159 breve,
1319 2075 1762 2164 praesentibus
1791 2082 2160 2161 consutum,
2175 2077 2370 2145 nobis
2399 2079 2603 2147 datur
2630 2079 2704 2145 in
2731 2102 2916 2148 man·

821 2184 858 2216 “
909 2177 1143 2246 datis.'’

924 2500 951 2511 ,
1013 2442 1416 2514 ›s‘eowndmn
1457 2441 1841 2513 ramolam
1887 2441 2070 2531 leyis,
2118 2450 2179 2511 et
2220 2443 2444 2532 mamis
2486 2441 2724 2532 efficax.

480 2611 593 2662 The
603 2611 792 2679 Abbot,
908 2598 1209 2666 Audiens
1252 2604 1479 2666 autem
1522 2598 1755 2665 Abbas
1791 2597 2187 2687 Episcopum
2230 2598 2488 2665 dedisse
2532 2599 2619 2665 ad
2661 2598 2918 2686 regium

476 2679 677 2745 finding

476 2745 686 2797 himself

476 2809 630 2862 foiled
653 2815 724 2879 by

476 2877 563 2929 the
584 2878 671 2929 Bi-

475 2944 643 3009 shop’s
664 2962 753 2997 an-

475 3025 624 3075 swer,
642 3014 730 3064 de-

472 3077 711 3131 termines

474 3159 610 3207 upon

474 3210 732 3277 changing

472 3275 553 3325 his
572 3278 708 3341 plan,

474 3344 576 3392 and
599 3358 719 3393 eon·-

475 3409 601 3458 sults
624 3410 703 3460 his

471 3474 707 3528 advisere.

460 4142 614 4194 Mode
636 4144 697 4194 of

460 4212 737 4273 procedure

458 4290 577 4325 now
599 4291 719 4342 sug·

458 4344 632 4406 gested
653 4351 707 4394 to

456 4409 579 4458 him.

817 2701 1017 2768 breve
1061 2723 1471 2789 responsum,
1502 2700 2016 2789 intelligensque
2060 2700 2231 2767 illud
2269 2722 2409 2767 esse
2454 2701 2528 2767 in
2570 2702 2716 2789 lege
2752 2702 2919 2769 adeo

817 2804 1148 2885 eallidum,
1192 2803 1514 2886 validum,
1559 2808 1630 2870 et
1672 2804 1937 2885 subtile,
1986 2808 2065 2870 ut
2109 2826 2247 2871 non
2289 2804 2561 2871 haberet
2587 2805 2918 2892 posterius

817 2906 995 2993 quod
1057 2912 1278 2995 posset
1337 2928 1457 2994 per
1517 2906 1694 2972 hune
1760 2906 2035 2972 modum
2097 2905 2567 2994 prosecutionis
2625 2907 2917 2972 multum

813 3010 1256 3076 colorabiliter
1315 3014 1548 3076 eontra
1605 3008 1825 3096 ipsum
1885 3008 2213 3094 replicare,
2293 3029 2450 3074 mox
2522 3008 2703 3075 omni
2776 3008 2913 3089 illa,

812 3134 945 3199 qua
988 3112 1243 3179 causari
1286 3113 1506 3200 posset
1550 3110 1930 3197 perieulum,
1964 3115 2217 3175 semota
2258 3110 2604 3176 dilationis
2641 3110 2915 3187 morula,

810 3214 991 3280 viros
1022 3214 1265 3280 solidos
1307 3213 1413 3279 sui
1450 3211 1833 3299 temporalis
1877 3211 2139 3277 concilii
2182 3211 2389 3293 adiit3
2434 3211 2912 3299 ostendensque

810 3315 974 3404 ipsis
1034 3321 1177 3382 tam
1242 3315 1501 3383 litteras
1567 3318 1868 3401 patentes
1923 3313 2007 3378 de
2069 3313 2380 3379 libertate
2445 3315 2642 3401 regia,
2712 3336 2911 3400 quam

813 3420 1039 3484 Bullas
1082 3417 1463 3507 plumbatas
1507 3438 1703 3504 super
1747 3415 2170 3504 exemptione
2213 3416 2612 3503 Aposwlica,
2660 3417 2743 3483 de
2785 3416 2909 3482 tali

808 3520 1143 3608 provideri
1188 3519 1475 3586 remedio
1521 3518 1737 3606 petiit,
1769 3539 1902 3605 quo
1940 3517 2127 3585 Gella
2167 3539 2307 3584 suae
2350 3517 2781 3604 subjectionis
2825 3518 2910 3584 de

807 3621 1136 3707 Bynham‚
1198 3643 1347 3708 quse
1405 3621 1492 3686 ab
1552 3620 1750 3687 initio
1812 3641 1950 3686 suae
2008 3619 2424 3686 fundationis
2482 3621 2556 3685 in
2617 3641 2907 3708 praesens

803 3723 944 3789 filia
985 3722 1119 3789 fuit
1176 3723 1399 3804 libere,
1459 3727 1531 3789 et
1590 3722 1844 3788 nemini
1903 3723 2223 3788 servierat
2272 3743 2587 3810 unquam,
2657 3728 2728 3788 et
2788 3744 2909 3787 sua

804 3831 1024 3914 posset
1064 3826 1263 3892 solita
1290 3826 1601 3892 libertate
1636 3825 2001 3913 persistere,
2033 3825 2321 3911 illucque
2349 3825 2634 3910 abjicere
2666 3825 2906 3912 jugum

802 3928 1247 4025 ancillationis
1292 3928 1469 4015 quod
1516 3927 1846 3994 Dominus
1891 3926 2336 3993 Norwieensis
2363 3927 2427 3993 ei
2464 3925 2756 3993 multum
2799 3925 2903 3992 in-

791 4033 1045 4121 juriose
1088 4031 1455 4098 conabatur
1496 4028 1755 4097 inferre.

894 4134 1048 4217 Qui,
1080 4135 1154 4200 in
1185 4133 1433 4199 talibus
1464 4131 1630 4199 satis
1662 4131 1940 4219 experti,
1975 4131 2305 4197 dederunt
2334 4129 2464 4197 sibi
2494 4131 2905 4198 concorditer

800 4236 1146 4302 eonsilium
1180 4255 1425 4317 omnes,
1470 4239 1551 4301 ut
1593 4233 1987 4321 impetraret
2031 4254 2228 4320 super
2270 4232 2533 4299 litteras
2592 4255 2746 4299 suas
2788 4256 2904 4322 pa-

798 4343 1017 4405 tentes
1062 4338 1264 4404 breve
1309 4337 1566 4425 regium
1610 4357 1653 4399 a
1702 4333 2130 4416 Cancellaria‚
2175 4334 2500 4401 directum
2531 4335 2902 4401 Baronibus

795 4442 878 4508 de
907 4439 1258 4524 Seaecario‚
1278 4443 1606 4528 quatenus
1637 4438 1764 4526 ipsi
1794 4438 2085 4505 Bai-ones
2112 4436 2578 4525 permitterent
2606 4437 2898 4503 Priorem

1674 4704 2019 4760 wetinus.
