3467 5717
1383 770 1625 819 silum-1
1672 770 1897 820 Annas
1907 772 1949 821 1.
2626 760 2712 825 93

607 965 640 994 “
681 958 1085 1044 intelligeres
1132 958 1356 1038 etiam,
1389 979 1589 1043 quam
1632 978 1862 1045 pravae
1909 980 2354 1047 perversaeque
2398 962 2486 1027 sit
2516 983 2712 1048 gene·
2741 972 3050 1025 aalma.

605 1068 640 1097 ‘⁴
685 1060 983 1141 rationis,
1014 1065 1086 1125 et
1137 1058 1428 1124 infidelis
1481 1058 1624 1142 filii,
1655 1061 2000 1126 dominum
2042 1062 2402 1149 relinquere
2450 1060 2609 1150 ¹qui
2641 1070 2711 1128 te

606 1168 643 1196 “
685 1170 1028 1248 genuerat,
1090 1159 1433 1226 dominam
1507 1166 1926 1227 contemnere
1999 1185 2147 1249 quae
2207 1170 2275 1229 te
2334 1163 2712 1244 lactaverat,

606 1269 643 1300 “
689 1263 947 1349 Deique
997 1262 1320 1343 oblivisci,
1349 1284 1427 1328 ac
1456 1262 1746 1341 Domini,
1778 1264 2093 1329 creatoris
2145 1265 2263 1330 tui.
2356 1266 2415 1330 Ο
2459 1268 2712 1331 utinam

604 1376 637 1400 “
685 1366 885 1430 tertio
937 1386 1217 1451 saperes,
1266 1385 1539 1450 caperes,
1583 1370 1653 1430 et
1683 1364 2109 1451 intelligeres,
2144 1369 2473 1452 quomodo
2520 1390 2712 1454 gyro-

545 1474 645 1545 θ’*
689 1489 901 1553 vagus
954 1466 1184 1546 fertur,
1216 1471 1287 1531 et
1332 1487 1463 1531 non
1495 1467 1872 1547 monachus,
1904 1468 2017 1552 qui
2051 1474 2201 1554 post
2232 1476 2465 1534 votum
2499 1476 2716 1536 mutat

606 1576 645 1605 “
692 1570 929 1649 locum,
960 1568 1377 1653 qualiterque
1432 1567 1833 1654 intelligitur
1876 1569 2156 1654 spiritus
2205 1571 2454 1634 vadens
2483 1578 2552 1636 et
2583 1594 2711 1636 non

605 1680 639 1706 “
686 1671 965 1751 rediens,
997 1671 1113 1754 qui
1167 1674 1438 1756 propter
1490 1669 1705 1734 forum
1763 1668 2018 1735 salutat
2065 1670 2356 1750 chorum,
2390 1672 2470 1736 de
2501 1673 2711 1737 clans-

602 1779 637 1808 “
682 1777 918 1856 troque
970 1770 1056 1834 ad
1105 1770 1481 1856 plaustrum
1534 1771 1801 1856 migrat,
1836 1771 1953 1835 ubi
2005 1773 2152 1836 axis
2205 1780 2308 1838 est
2359 1776 2710 1856 versatilis,

607 1882 642 1907 “
686 1878 959 1958 totaque
1006 1871 1338 1951 volubilis,
1392 1872 1463 1936 in
1519 1872 1805 1937 circuitu
1850 1874 2220 1959 impiorum.
2341 1876 2525 1940 Tunc
2583 1876 2714 1940 for-

605 1982 641 2011 “
686 1998 818 2052 san,
862 1974 978 2055 fili,
1030 1975 1147 2059 qui
1201 1973 1507 2039 ardorem
1558 1994 1967 2060 conceperas,
1996 1996 2133 2039 non
2181 1977 2544 2062 parturires
2595 1980 2716 2042 sti·

606 2084 640 2112 “
688 2077 926 2163 pulam,
956 2098 1096 2153 nec,
1139 2076 1256 2162 qui
1295 2098 1445 2141 cum
1478 2076 1719 2162 spiritu
1752 2078 2110 2161 inceperas,
2142 2099 2290 2142 cum
2321 2100 2513 2143 carne
2542 2101 2719 2143 nunc

608 2185 646 2213 “
692 2178 1032 2255 desineres,
1093 2185 1213 2243 aut
1275 2178 1633 2243 infeliciter
1695 2200 2181 2243 consummares
2243 2180 2452 2245 vitam
2513 2186 2715 2245 tuam.

611 2286 645 2314 “
692 2279 905 2344 Immo
950 2280 1063 2343 ubi
1096 2301 1217 2366 pro
1263 2301 1442 2346 nunc
1487 2302 1641 2344 cum
1682 2286 1884 2366 poeta
1928 2286 2281 2345 concantas
2325 2283 2720 2367 satyrice,—

740 2411 776 2440 “
808 2406 1033 2491 ‘Euge
1080 2405 1265 2486 mihi,
1311 2404 1630 2490 quoniam
1677 2404 1860 2469 locus
1905 2410 2008 2470 est
2053 2405 2215 2469 mihi
2263 2406 2600 2486 ¹'theatri'

604 2535 639 2563 “
683 2533 1049 2593 renovatus
1095 2549 1213 2614 pro
1247 2532 1407 2593 tunc
1437 2549 1589 2593 cum
1622 2527 1978 2592 Psalmista
2025 2550 2385 2595 recenseres
2416 2530 2717 2618 elegiace,

608 2640 640 2665 “
688 2627 1011 2694 —³‘Heu
1068 2634 1215 2693 me!
1279 2629 1436 2714 quia
1494 2628 1821 2695 incolatus
1883 2651 2068 2694 meus
2136 2653 2280 2696 cum
2358 2638 2550 2697 tanto
2616 2639 2718 2698 est

607 2741 641 2767 “
690 2741 706 2766 ‘
738 2731 1014 2796 stimulo
1076 2730 1542 2818 prolongatus?
1636 2731 2110 2809 Veruntamen,
2169 2734 2285 2813 fili,
2349 2735 2506 2820 quia
2563 2743 2718 2801 tuos

607 2842 643 2870 “
689 2834 999 2921 planctus
1059 2854 1198 2898 non
1257 2832 1568 2909 vidimuS,
1615 2834 1774 2919 quia
1833 2834 1915 2900 de
1963 2835 2102 2900 tuis
2161 2836 2521 2922 gemitibus
2583 2859 2718 2903 non

605 2945 641 2972 “
685 2936 1080 3013 audivimuS,
1112 2935 1271 3021 quia
1315 2935 1501 2999 nulla
1540 2934 1907 3000 ⁴hactenus
1929 2937 2331 3023 suscepimus
2360 2938 2718 3024 signacula,

606 3046 641 3072 “
687 3037 927 3122 quibus
994 3058 1405 3123 speraremus
1478 3042 1547 3100 te
1622 3036 1891 3102 tandem
1970 3058 2118 3102 cum
2193 3038 2336 3102 filio
2395 3038 2718 3125 ¹⁵prodigo

608 3147 642 3173 “
691 3143 1113 3225 accepturum
1194 3138 1433 3203 stolam
1504 3138 1808 3224 primam,
1875 3139 2127 3224 pariter
2202 3146 2272 3204 et
2329 3138 2357 3177 ⁶
2379 3140 2722 3218 annulum,

613 3252 649 3278 “
694 3240 980 3305 ⁷idcirco
1010 3243 1303 3327 cogimur
1342 3260 1465 3305 nos
1505 3244 1766 3304 nostros
1811 3239 1884 3303 in
1914 3240 2168 3304 luctum
2201 3247 2462 3305 vertere
2502 3239 2723 3325 ‘'sym-

608 3349 645 3376 “
689 3340 1002 3428 phoniam
1043 3363 1120 3406 ac
1163 3339 1500 3421 ”chorum,
1536 3346 1735 3425 teque
1779 3340 2089 3426 plangere
2121 3340 2438 3426 pabulum
2473 3342 2725 3419 mortis,

603 3454 641 3479 “
685 3465 762 3509 ac
808 3443 1059 3530 peccati
1111 3442 1432 3519 fomitem,
1484 3442 1662 3507 inter
1711 3447 1988 3507 caeteros
2041 3440 2213 3505 filios
2287 3464 2726 3510 excussorum.

604 3554 637 3579 ‘¹
687 3546 1021 3625 Quoniam
1072 3545 1190 3625 fili,
1220 3544 1347 3611 etsi
1397 3545 1798 3610 incrassatus
1843 3543 2286 3609 irreverenter
2336 3545 2725 3623 recalcitres,

606 3655 645 3684 “
689 3648 1143 3735 impinguatus
1188 3647 1607 3733 ingratanter
1651 3645 2003 3721 exorbites,
2036 3645 2438 3711 incrassatus
2482 3646 2720 3735 impin-

607 3757 645 3786 “
689 3755 1066 3836 gnatusque
1121 3750 1576 3826 irreverenter,
1627 3748 2063 3834 ingratanter,
2090 3770 2165 3814 ac
2195 3748 2722 3828 immoderanter,

605 3858 639 3887 ‘⁴
683 3853 754 3916 in
814 3852 954 3918 tuis
1017 3851 1317 3939 diffugiis
1371 3850 1686 3929 dilateris,
1735 3849 2172 3915 nihilominus
2219 3848 2273 3886 ¹⁰
2293 3872 2415 3915 nos
2467 3872 2589 3937 pro
2652 3858 2718 3917 te

618 4055 771 4062 ’.ψ-.-
802 4056 1351 4063 ——---———.-——-—-—.
1931 4052 2230 4059 ————----..--
2249 4054 2314 4059 —-
2333 4054 2350 4059 -
2365 4054 2380 4059 -
2409 4054 2496 4061 --..-
2531 4056 2546 4061 ..
2603 4056 2640 4061 ἡ,
2693 4057 2722 4062 -

677 4187 693 4220 ι
719 4203 826 4251 quoe
848 4186 906 4237 in
927 4187 1042 4239 MS.
1773 4183 1796 4217 ⁸
1812 4183 2038 4249 prodifio
2061 4184 2111 4235 in
2135 4184 2248 4237 MS.

669 4266 693 4299 ²
714 4266 879 4317 There
913 4281 1077 4317 seems
1098 4274 1152 4319 to
1178 4267 1239 4318 be
1264 4282 1330 4317 an
1369 4266 1611 4317 omission
1771 4274 1794 4307 θ
1815 4274 2015 4326 anulum
2037 4275 2092 4325 in
2116 4276 2229 4328 ΜΒ.

604 4344 775 4395 before
796 4345 901 4394 this
930 4346 1073 4395 word
1094 4367 1107 4406 3
1132 4350 1165 4375 ‘⁴
1184 4347 1349 4396 terra”
1371 4347 1462 4396 has
1485 4347 1609 4397 been
1773 4356 1793 4383 ³
1819 4354 1999 4403 iccirco
2020 4354 2072 4403 in
2095 4355 2208 4406 MS.

603 4428 875 4491 suggested
914 4428 984 4493 by
1006 4428 1108 4477 Mr.
1132 4428 1303 4478 Luat-d
1327 4449 1340 4487 ;
1377 4441 1536 4492 query
1558 4442 1613 4477 as
1772 4434 1793 4461 ⁸
1813 4430 2133 4495 :euphoniam
2158 4434 2209 4482 in
2231 4433 2346 4484 ΜΒ.

603 4512 657 4554 to
680 4505 767 4554 the
789 4504 1065 4569 quotation.
1771 4510 1794 4542 ⁹
1815 4525 1978 4559 corum
2000 4509 2053 4559 in
2074 4509 2190 4560 MS.

669 4582 691 4614 ³
716 4582 813 4646 Qy.
839 4583 888 4632 if
902 4582 1074 4634 Psalm
1097 4600 1218 4638 cxx.
1244 4592 1291 4636 5.
1775 4587 1819 4621 ¹⁰
1843 4594 2000 4637 tamen
2040 4603 2217 4639 occurs
2251 4590 2420 4642 before
2441 4591 2546 4642 this
2571 4592 2726 4654 worll,

672 4662 692 4691 ⁴
716 4669 914 4712 armus
934 4662 988 4711 in
1012 4662 1126 4714 ΜΒ.
1708 4669 1802 4718 but
1825 4665 1948 4715 with
1969 4675 2286 4735 expunctor-y
2307 4670 2500 4721 marku.
