3467 5717
804 804 939 868 404
1471 807 1790 860 annuns
1834 806 2260 859 norman

469 1003 608 1057 A·D-
636 1008 779 1057 143⁵·
804 1000 843 1031 “
886 1000 1083 1074 catas,
1115 993 1663 1081 qualitercunque
1693 990 2043 1077 tangentia
2084 994 2154 1067 et
2201 986 2673 1067 concernentia,
2707 1007 2909 1073 penes

806 1104 843 1137 “
888 1099 1081 1185 ipsos
1113 1118 1230 1171 seu
1261 1097 1333 1161 in
1363 1117 1590 1161 eorum
1621 1093 1939 1171 custodia,
1973 1091 1996 1129 ¹
2015 1091 2210 1169 notis,
2243 1092 2268 1130 ²
2288 1089 2728 1178 prothocollis‚
2768 1088 2912 1152 sive

805 1207 844 1237 “
887 1201 1203 1287 registris
1235 1196 1650 1267 remanentia
1698 1200 1769 1261 et
1823 1195 2196 1273 existentia,
2230 1216 2345 1271 seu
2398 1192 2490 1271 ,εἰς
2543 1190 2815 1278 produci
2843 1194 2914 1254 et

808 1311 841 1337 “
887 1300 1184 1371 exbiberi
1214 1299 1519 1374 facerent,
1551 1296 1817 1373 realiter
1847 1300 1918 1363 et
1947 1317 2095 1363 cum
2128 1295 2380 1375 effectu.
2412 1344 2417 1349 -
2463 1291 2913 1361 Praesentibus

810 1408 845 1438 “
891 1409 1053 1475 tunc
1105 1386 1351 1483 ibidem
1401 1398 1742 1485 Magistris
1787 1397 2071 1465 Ricardo
2116 1396 2489 1478 Haldersay
2519 1400 2591 1459 et
2620 1394 2916 1459 Roberto

813 1512 846 1541 “
894 1505 1289 1590 Rymptone‚
1353 1501 1654 1569 Notariis
1716 1499 2027 1577 Publicis,
2085 1498 2373 1567 testibus
2431 1497 2519 1560 ad
2578 1495 2916 1581 praemissa

813 1613 849 1640 “
896 1606 1148 1681 vocatis
1191 1608 1261 1669 et
1307 1603 1573 1689 rogatis.

902 1715 938 1741 “
956 1706 1444 1790 Subsequenter
1496 1725 1670 1791 vero,
1715 1701 2026 1787 vicesimo
2072 1722 2247 1783 nono
2305 1700 2411 1767 die
2460 1698 2624 1764 dicti
2674 1698 2917 1767 mensis

812 1814 848 1843 “
897 1808 1145 1887 Martii,
1193 1827 1370 1871 anno
1403 1805 1678 1891 Domini
1723 1804 2072 1871 millesimo
2104 1804 2748 1889 quadringentesimo
2796 1800 2917 1864 tri-

813 1917 851 1944 “
896 1910 1134 1993 cesimo
1166 1910 1415 1993 quint0,
1466 1906 1841 1987 Indictione
1886 1912 1955 1973 et
2005 1905 2407 1971 Pontificatu
2458 1902 2810 1990 praedictis,
2842 1902 2917 1965 in

814 2018 848 2077 ‘f
894 2011 1121 2077 eadem
1168 2008 1460 2075 Ecclesia
1519 2008 1906 2086 Cathedrali
1968 2007 2197 2075 Sancti
2274 2006 2481 2085 Pauli,
2537 2004 2916 2083 Londoniis,

811 2119 850 2148 “
895 2133 1113 2177 coram
1159 2110 1368 2189 nobis,
1402 2108 1687 2176 Ricardo
1721 2108 2041 2186 ,Cot-done,
2075 2107 2554 2185 Archidiacono
2605 2110 2674 2171 et
2721 2106 2917 2193 Com-

811 2221 844 2250 “
891 2213 1148 2299 pulsore
1208 2211 1544 2298 praedict0‚
1592 2210 1663 2275 in
1725 2210 1905 2275 dicto
1967 2210 2235 2296 negotio
2283 2208 2736 2295 Compulsorio
2795 2229 2916 2294 pro

813 2320 848 2349 “
895 2313 1219 2378 tribunali
1287 2313 1574 2393 sedente,
1638 2312 1710 2375 in
1776 2311 1939 2376 dicti
2010 2310 2316 2399 Magistri
2385 2309 2663 2376 Roberti
2710 2309 2916 2388 Kent,

812 2423 846 2450 “
893 2416 1161 2480 Notarii
1208 2414 1481 2490 Publici,
1531 2419 1600 2478 et
1645 2413 1874 2481 scribae
1917 2413 2149 2491 nostri,
2198 2417 2277 2477 ut
2321 2410 2686 2498 praefertur‚
2717 2411 2916 2497 depu-

812 2523 849 2552 “
895 2518 1041 2595 tati,
1119 2537 1196 2580 ac
1260 2515 1570 2601 Magistri
1633 2516 1676 2579 J
1682 2515 1966 2580 ohannis
2034 2513 2402 2598 Lyndefeld
2461 2524 2529 2577 et
2600 2512 2913 2581 willelmi

811 2623 847 2652 “
893 2617 1240 2702 Hardyng,
1288 2616 1564 2680 testium
1610 2616 1696 2679 ad
1741 2615 2166 2701 infrascripta
2207 2621 2605 2702 rogatorum,
2636 2636 2918 2705 praesen·

810 2724 845 2753 “
890 2718 1001 2792 tia,
1049 2716 1415 2801 comparuit
1459 2716 1775 2802 praefatus
1837 2717 2151 2803 Magister
2208 2716 2256 2781 J
2258 2717 2503 2781 acobus
2548 2716 2723 2795 Cole,
2767 2737 2917 2802 pro·

810 2825 846 2853 “
892 2824 1155 2887 curator
1198 2816 1502 2904 praedicti
1548 2816 1825 2903 Domini
1873 2816 2150 2883 Henrici
2212 2817 2616 2907 Burwasshe,
2665 2816 2915 2882 Vicarii

810 2926 845 2955 “
892 2919 1196 2985 Ecclesiae
1261 2917 1660 2983 Parochialis
1726 2919 1808 2983 de
1868 2919 2434 2985 Rikmersworthe
2476 2918 2788 3005 praedicti,
2839 2923 2915 2983 et

811 3028 845 3057 “
890 3021 1157 3087 nomine
1186 3021 1636 3111 procuratorio
1667 3042 1787 3111 pro
1819 3021 2041 3099 eodem
2077 3020 2268 3086 nobis
2298 3022 2601 3107 exposuit
2629 3026 2697 3086 et
2726 3042 2916 3086 mon-

810 3131 847 3159 “
894 3125 1154 3203 stravit,
1211 3122 1387 3209 quod
1434 3122 1842 3189 venerabiles
1904 3127 1973 3187 et
2031 3122 2319 3208 religiosi
2381 3123 2529 3203 viri,
2575 3121 2801 3188 Abbas
2847 3130 2917 3188 et

809 3232 848 3259 “
898 3225 1281 3297 Conventus
1311 3224 1605 3310 exempti
1637 3224 2020 3289 monasterii
2053 3224 2281 3289 Sancti
2313 3224 2562 3293 Albani
2594 3224 2912 3310 praedicti,

808 3334 847 3361 “
890 3326 1270 3392 habuerunt
1314 3347 1512 3411 penes
1541 3347 1629 3404 se,
1659 3325 1775 3395 et
1758 3348 1832 3389 111
1877 3347 2101 3390 eorum
2145 3325 2459 3391 custodiis
2505 3332 2574 3390 et
2617 3327 2918 3404 archivis,

809 3435 844 3462 “
891 3427 1211 3493 nonnulla
1245 3427 1417 3511 jura,
1449 3427 1726 3505 litterae,
1758 3426 2135 3513 scripturas,
2169 3427 2535 3513 privilegia,
2584 3437 2653 3492 et
2699 3428 2917 3492 muni-

811 3535 848 3564 “
895 3537 1121 3605 menta
1165 3529 1570 3610 authentica,
1604 3529 1855 3593 dictum
1922 3529 2285 3623 Dominum
2334 3529 2697 3597 Henricum
2728 3530 2919 3595 Vica-

809 3638 844 3666 “
890 3631 1080 3710 rium,
1141 3653 1216 3697 ac
1275 3653 1539 3696 causam
1599 3637 1668 3696 et
1728 3652 1955 3697 causas
2014 3630 2085 3696 in
2131 3631 2593 3717 suprascriptis
2642 3631 2918 3697 Litteris

807 3739 841 3766 “
890 3730 1359 3817 Compulsoriis
1390 3733 1415 3769 ³
1439 3730 1814 3817 descriptas,
1844 3740 2323 3810 concernentes,
2356 3733 2499 3801 sine
2527 3733 2770 3818 quibus
2812 3733 2916 3798 in-

809 3838 844 3870 “
887 3834 1104 3899 tentio
1165 3833 1370 3920 ipsius
1435 3832 1709 3898 Domini
1774 3833 2051 3898 Henrici
2119 3832 2359 3899 Vicarii
2418 3833 2591 3900 clare
2623 3816 2917 3922 'probari

809 3944 843 3971 “
887 3958 1025 4000 non
1053 3939 1331 4022 poterat.
1409 3933 1610 4000 Unde
1639 3956 1779 4012 1103,
1811 3933 2303 4021 Compulsorem
2335 3942 2405 4001 et
2435 3935 2460 3970 ⁴
2480 3935 2917 4005 Executorem

807 4045 843 4075 “
888 4038 1295 4127 praedictum,
1343 4057 1491 4103 cum
1535 4036 1866 4102 instantia
1908 4038 2277 4122 requisivit,
2311 4044 2388 4102 ut
2434 4038 2647 4104 dictos
2691 4038 2916 4105 Abba-

812 4147 846 4175 “
892 4147 1028 4205 tem
1089 4144 1158 4204 et
1219 4138 1639 4207 Conventum
1702 4139 1905 4204 etiam
1950 4139 2034 4203 ad
2095 4138 2586 4226 producendum
2663 4147 2732 4205 et
2799 4162 2916 4206 ex-

808 4248 845 4276 “
893 4240 1250 4304 hibendum
1297 4261 1514 4304 coram
1574 4239 1768 4305 nobis
1818 4239 1987 4324 jura,
2037 4240 2312 4323 litteras,
2360 4242 2733 4331 scripturas,
2782 4243 2918 4329 pri-

808 4349 843 4376 “
890 4340 1149 4427 vilegia‚
1183 4345 1253 4406 et
1296 4339 1731 4427 munimenta,
1763 4340 2101 4429 praedicta,
2147 4338 2532 4429 compellere
2577 4343 2917 4413 monerive

875 4624 890 4656 ¹
914 4624 1074 4675 nothis
1095 4626 1150 4675 in
1174 4625 1290 4679 MS.
1970 4627 1993 4661 ⁸
2016 4627 2276 4696 descriptis
2297 4630 2353 4680 in
2373 4629 2489 4682 MS.

876 4701 899 4734 2
915 4702 1167 4768 promotus
1189 4706 1242 4754 in
1265 4705 1378 4759 MS.
1851 4640 1867 4765 Ι
1970 4708 1991 4739 ⁴
2015 4707 2313 4760 Excutorem
2333 4708 2388 4760 in
2408 4708 2523 4762 MS.
