3467 5717
1345 866 1589 920 sanem
1634 866 1913 921 ALBAM.
2543 861 2673 927 315

571 1079 764 1124 suum
794 1078 1004 1137 suam,
1040 1054 1247 1144 juxta
1273 1060 1571 1122 tenorem
1615 1054 1994 1122 litterarum
2038 1054 2168 1123 sibi
2211 1078 2677 1139 concessarum,
2703 1056 2843 1111 A.D.
2873 1063 3016 1112 ¹⁴33·

567 1160 811 1227 habere
852 1160 1255 1239 libertatem,
1300 1158 1472 1226 sicut
1519 1180 1664 1225 eam
1694 1182 1736 1224 a
1764 1164 2070 1246 tempore
2109 1159 2527 1227 confectionis
2573 1184 2679 1228 ea-

569 1262 852 1329 rundem
899 1283 1159 1351 semper
1187 1283 1399 1349 usque
1421 1260 1494 1326 in
1522 1282 1815 1350 praesens
1844 1261 2088 1328 habere
2118 1264 2479 1331 consuevit.
2568 1264 2678 1330 Ad

567 1365 713 1433 haec
756 1365 962 1431 etiam
1005 1364 1291 1432 ulterius
1337 1362 1758 1445 addiderunt,
1805 1368 1888 1430 ut
1949 1365 2400 1446 constitueret,
2444 1366 2682 1453 majori

569 1467 906 1534 celeritate
951 1488 1085 1553 qua
1142 1464 1484 1544 sufficeret,
1528 1487 1740 1530 unum
1799 1469 2216 1533 attornatum
2280 1488 2402 1555 pro
2454 1468 2683 1534 Priore

572 1558 701 1635 suo'
726 1569 802 1632 in
842 1567 1223 1648 Scaccario3
1267 1567 1382 1655 qui
1411 1570 1794 1634 attornatus
1823 1589 1944 1653 pro
1973 1566 2119 1654 ipso
2148 1567 2425 1635 haberet
2452 1569 2682 1636 Priore

571 1670 983 1758 respondere,
1035 1692 1129 1749 ac,
1189 1690 1338 1735 cum
1389 1673 1760 1752 vocaretur,
1824 1668 2108 1756 objicere
2168 1671 2498 1756 quomodo
2542 1692 2680 1736 nou

570 1772 940 1849 tenebatur,
987 1775 1256 1858 propter
1299 1792 1530 1837 causas
1559 1771 1798 1851 varias,
1842 1793 1963 1859 pro
2009 1771 2391 1859 supradicta
2434 1773 2679 1838 medie-

569 1878 710 1940 tate
741 1872 1009 1939 decimae
1052 1893 1275 1939 coram
1320 1873 1479 1959 ipsis
1523 1873 1902 1938 Baronibus
1932 1878 2326 1960 computare.
2419 1873 2681 1955 Quibus

570 1996 721 2042 cum
785 1974 1138 2042 sufficienti
1207 1974 1560 2063 diligentia
1620 1974 1937 2054 executis,
1981 1976 2319 2063 inceptum
2379 1980 2481 2041 est
2540 1976 2678 2063 pla-

566 2077 773 2144 citum
803 2077 1056 2166 grande
1098 2076 1175 2141 in
1214 2076 1570 2159 Scaccario,
1602 2081 1838 2143 contra
1867 2076 2264 2164 Episcopum
2296 2077 2681 2145 Norwicen·

568 2201 723 2246 sem.
814 2177 1022 2265 Cujus
1049 2177 1281 2265 placiti
1310 2188 1645 2267 proceaeus
1674 2179 2103 2267 subsequitur
2131 2180 2242 2247 hic
2271 2179 2682 2260 immediate,

578 2281 656 2347 in
698 2281 833 2347 hiis
876 2280 1208 2348 verbia—

570 2491 926 2562 Placwwm
956 2493 1046 2561 im,
1087 2491 1281 2561 verbo
1324 2491 1514 2561 &nter
1540 2492 1790 2579 Reyem
1819 2499 1880 2560 et
1923 2491 2258 2576 Priormn,
2305 2499 2367 2560 et
2394 2493 2482 2560 ‘Im
2494 2491 2685 2581 facto

764 2594 954 2663 inter
996 2593 1326 2663 Abbatem
1368 2603 1431 2664 et
1476 2596 1901 2684 Episcopum
1944 2594 2461 2663 Novwicemem.

664 2761 1246 2846 “‚Memorandum
1285 2762 1461 2849 quod
1507 2766 1846 2851 praetextu
1891 2760 2114 2828 brevis
2160 2761 2433 2828 Domini
2480 2760 2680 2849 Regis
2704 2772 2902 2824 Reoord
2924 2774 3024 2824 and

574 2870 611 2902 “
654 2865 738 2930 de
781 2865 1027 2953 Magno
1073 2865 1306 2953 Sigfflo
1352 2886 1487 2943 suo,
1533 2863 1720 2950 cujus
1765 2863 1930 2930 data
1975 2868 2077 2930 est
2124 2864 2327 2931 tertio
2387 2864 2496 2930 die
2539 2862 2680 2929 Au·
2705 2854 2906 2905 Ρωω
2927 2840 2990 2890 ⁰¹⁸

576 2972 614 3004 “
657 2966 860 3055 gusti,
903 2988 1079 3034 anno
1123 2968 1311 3056 regni
1356 2967 1460 3033 sui
1497 2967 1865 3049 undecimO,
1895 2965 2314 3033 venerabili
2296 2988 2370 3032 m
2415 2965 2682 3035 Christo
2706 2906 2794 3024 ἓξ
2814 2906 2925 3022 ῗέιὲ
2933 2906 2989 2956 in

576 3074 615 3106 “
658 3068 864 3148 Patri,
872 3069 1227 3148 willelmo,
1248 3070 1571 3157 Episcopo
1589 3068 1659 3134 Ν
1659 3090 2023 3149 orwlcensl
2048 3068 2284 3136 directi
2317 3068 2404 3136 ad
2432 3039 2935 3156 aliquos1„,„‚‘²¹²‘³‘¹¹4¹„,¹²
2870 3054 2940 3100 ‘³¹⁵’

573 3180 608 3208 “
653 3171 831 3238 viros
873 3171 1242 3259 fidedignos
1287 3172 1371 3238 de
1423 3172 1596 3240 clero
1640 3193 1780 3237 suae
1836 3170 1856 3209 ¹
1881 3171 2216 3251 Dioecesis,
2261 3191 2381 3259 pro
2444 3172 2684 3258 quibus
2709 3172 2792 3223 tho
2814 3172 2957 3288 King

571 3279 611 3311 “
655 3273 1048 3360 respondere
1076 3273 1297 3356 vellet,
1329 3274 1418 3339 ad
1446 3294 1648 3339 unam
1678 3272 2113 3340 medietatem
2141 3274 2426 3354 decimae,
2473 3273 2686 3340 eidem
2710 3238 2888 3356 {1}th
2803 3319 2862 3354 or
2883 3254 2942 3355 ξς

573 3383 613 3412 “
656 3376 944 3443 Domino
989 3375 1159 3463 Regi
1202 3398 1245 3441 a
1287 3375 1462 3442 clero
1508 3374 2012 3442 Cantuariensis
2040 3374 2427 3459 Provinciae,
2456 3375 2531 3441 in
2561 3375 2688 3442 Ec·
2712 3373 2962 3440 Bynham.

573 3486 610 3514 “
654 3478 853 3544 clesia
872 3477 1260 3547 Gathedrali
1283 3477 1516 3545 Sancti
1538 3477 1750 3557 Pauli,
1767 3477 2148 3558 Londoniis,
2172 3477 2689 3564 quinto-decimo

573 3588 608 3618 “
653 3580 761 3646 die
804 3580 1046 3647 mensis
1092 3579 1520 3668 Septembris,
1564 3601 1739 3646 anno
1785 3580 2060 3648 Domini
2089 3580 2436 3647 millesimo
2483 3583 2688 3668 quad-

573 3687 610 3719 “
655 3681 1127 3768 ringentesimo
1192 3682 1526 3749 tricesimo
1589 3682 1894 3762 secundo,
1942 3682 2024 3749 de
2085 3681 2297 3764 bonis,
2336 3682 2689 3764 beneficiis,

577 3787 614 3819 “
659 3788 731 3851 et
758 3783 1279 3872 possessionibus
1309 3783 1784 3862 ecclesiasticis,
1805 3784 2004 3852 dictae
2028 3783 2397 3853 Provinciae
2418 3788 2688 3866 taxatis,

577 3892 615 3923 “
659 3891 731 3952 et
774 3886 863 3951 ad
906 3886 1231 3952 decimam
1275 3885 1534 3953 solvere
1577 3887 1926 3966 consuetis,
1970 3907 2230 3953 necnon
2276 3887 2358 3953 de
2402 3887 2692 3975 dignita-

576 3993 615 4024 “
658 3987 860 4072 tibus,
906 3988 1382 4076 personatibus,
1431 3988 1659 4056 officiis
1688 3988 2046 4076 perpetuiS,
2077 3989 2291 4069 bonis,
2337 3989 2692 4069 beneficii8‚

573 4097 610 4130 ‘⁴
654 4095 725 4157 et
746 4090 1262 4178 possessionibus
1286 4090 1760 4170 ecclesiasticis,
1783 4090 1980 4158 dictae
2001 4090 2368 4157 Provinciae
2390 4112 2527 4156 non
2542 4095 2693 4157 tax-

574 4196 611 4228 “
656 4192 805 4273 atis,
849 4213 972 4259 nec
1015 4193 1102 4259 ad
1135 4191 1457 4259 decimam
1486 4193 1741 4260 solvere
1782 4192 2132 4273 consuetis,
2164 4191 2289 4258 sub
2318 4192 2693 4260 conditione

579 4297 617 4329 “
662 4293 1094 4382 subsequenti
1141 4295 1321 4362 inter
1362 4298 1601 4362 caetera
1645 4315 2033 4377 concessam,
2064 4293 2449 4361 solvendam
2479 4295 2692 4362 eidem

578 4401 617 4432 ‘⁴
665 4396 955 4463 Domino
1001 4397 1189 4484 Regi,
1217 4396 1549 4476 videlicet,
1594 4417 1801 4462 unam
1846 4396 2272 4463 medietatem
2318 4397 2515 4463 dictae
2558 4420 2694 4463 me-

574 4502 615 4533 “
659 4498 949 4578 dietatis,
970 4504 1298 4585 quartam,
1318 4499 1585 4580 scilicet,
1605 4505 1865 4585 partem
1891 4499 2088 4565 unius
2107 4500 2385 4587 integrae
2408 4499 2694 4580 decimae,

1446 4772 1462 4806 ¹
1488 4770 1720 4824 Diocesis
1740 4773 1795 4824 in
1821 4771 1934 4826 MS.
