3467 5717
829 762 958 825 336
1496 773 1812 824 ANNALES
1859 773 2285 825 uoNAs'rsnn

462 957 801 1017 ,AD-1⁴33·
828 962 864 993 “
908 959 1214 1046 spatioso
1343 959 1522 1026 'Sed
1592 961 1974 1027 nullatenus
2040 961 2127 1026 ad
2193 960 2373 1027 hunc
2436 983 2700 1027 sensum
2765 964 2942 1049 gerit

831 1066 866 1095 “
913 1060 1166 1128 Praesul
1227 1063 1339 1128 ille
1403 1063 1729 1143 baculum,
1797 1064 1913 1151 qui
1971 1085 2347 1151 perversam
2400 1065 2941 1132 consuetudinem

830 1168 866 1197 “
911 1164 1249 1252 conspicit,
1282 1186 1358 1230 ac
1401 1187 1540 1231 non
1586 1187 1704 1253 pro
1734 1166 1991 1232 viribus
2020 1165 2252 1233 evellit
2282 1188 2447 1249 eam,
2479 1167 2784 1249 destruit,
2820 1173 2942 1241 aut

830 1271 865 1302 “
911 1267 1209 1333 succidit.
1298 1267 1494 1355 ErgO,
2406 1356 2411 1361 .

921 1374 957 1402 “
989 1368 1158 1433 Tum
1219 1369 1420 1435 tertio
1445 1371 1710 1456 z-quia
1759 1370 1963 1454 juxta
2014 1392 2281 1437 sensum
2341 1394 2679 1438 sacrorum
2727 1372 2941 1440 Cano-

830 1476 866 1505 “
910 1492 1090 1553 num,
1138 1493 1272 1536 non
1334 1477 1512 1537 caret
1571 1471 1684 1537 ille
1729 1471 2016 1557 scripulo
2080 1472 2418 1539 societatis
2462 1473 2753 1554 occultae,
2807 1477 2941 1561 qui,

828 1576 864 1606 “
908 1523 1334 1639 manifestum
1379 1572 1620 1639 videns
1678 1593 1981 1654 errorem,
2029 1596 2148 1661 pro
2210 1574 2470 1641 viribus
2530 1576 2744 1642 eidem
2805 1600 2943 1644 non

828 1679 865 1708 “
909 1673 1157 1739 nititur
1231 1675 1518 1741 obviare.
1632 1674 1767 1742 Sed
1829 1675 1924 1741 sic
1998 1697 2413 1763 nequaquam
2484 1677 2737 1744 Praesul
2795 1679 2941 1765 ipse

827 1780 862 1810 “
907 1775 1170 1858 nititur,
1233 1778 1349 1862 qui
1410 1776 1839 1843 manifestum
1902 1778 2094 1844 videt
2161 1800 2445 1845 errorem
2516 1802 2712 1868 super
2776 1782 2940 1846 raei-

829 1882 865 1911 “
913 1877 1140 1943 dentia
1206 1877 1763 1960 beneficiatorum,
1811 1887 1882 1945 et
1956 1884 2184 1946 tamen
2261 1880 2477 1947 eidem
2555 1882 2939 1948 nullatenus

831 1984 866 2014 “
911 1980 1318 2046 contradicit.
1411 1981 1605 2069 Ergo,
1653 2003 1790 2047 non
1836 1987 2019 2048 caret
2065 1983 2193 2061 ille,
2229 1990 2289 2049 et
2336 1989 2591 2049 coetera.
2683 1985 2774 2050 Et
2823 2006 2939 2072 per

828 2088 866 2117 “
910 2103 1311 2170 consequens
1354 2102 1476 2149 nec
1521 2083 1724 2148 etiam
1770 2083 1914 2149 haec
1958 2084 2295 2171 responsio
2340 2085 2610 2172 penitus
2657 2087 2811 2151 ulla.

919 2190 953 2217 “
987 2184 1243 2265 Quarto
1286 2184 1806 2252 sic—Prohibet
1851 2185 2195 2273 Scriptura
2236 2208 2510 2253 manum
2556 2187 2817 2255 mittere
2862 2190 2937 2254 in

831 2290 867 2321 “
912 2307 1258 2372 personam
1301 2286 1631 2374 principis,
1653 2286 1861 2374 juxta
1903 2288 2074 2353 illud
2119 2288 2481 2376 Scripturas
2504 2286 2638 2371 3—-2
2666 2294 2685 2327 ‘
2705 2290 2935 2357 Nolite

832 2395 867 2423 “
914 2397 929 2423 ‘
960 2392 1231 2477 tangere
1274 2388 1553 2455 christos
1599 2410 1779 2456 meos
1803 2387 1844 2454 ε’
1889 2387 1915 2427 ¹
1938 2389 2054 2455 sed
2094 2389 2206 2455 ille
2250 2390 2325 2455 in
2365 2413 2712 2478 personam
2756 2393 2935 2459 illius

829 2496 865 2526 “
908 2490 1256 2577 plusquam
1299 2491 1624 2557 violenter
1667 2513 1938 2557 manum
1986 2491 2250 2578 ingerit,
2298 2493 2431 2578 qui,
2482 2493 2558 2558 in
2602 2494 2934 2561 laesionem

829 2597 866 2629 ‘⁶
908 2615 1046 2658 suae
1077 2614 1350 2676 coronae,
1382 2594 1484 2660 ita
1514 2616 1704 2661 suam
1739 2593 2116 2682 potentiam
2149 2593 2539 2662 abbreviare
2574 2600 2933 2683 praesumit.

830 2700 869 2729 “
915 2694 1112 2782 Erg0‚

916 2801 952 2830 “
985 2796 1238 2877 Quinto
1281 2795 1805 2864 sic—Prohibet
1850 2797 2199 2886 Scriptura
2242 2799 2449 2865 etiam
2480 2798 2508 2836 ⁸
2525 2807 2647 2868 aut
2690 2825 2935 2890 ponere

828 2904 862 2933 “
905 2919 979 2963 os
1022 2899 1097 2963 in
1139 2897 1397 2980 coelum,
1430 2904 1547 2965 aut
1591 2904 1865 2988 tangere
1911 2906 2209 2968 montem
2237 2902 2722 2990 fumigantem
2769 2904 2794 2943 ¹
2816 2906 2932 2971 sed

828 3004 864 3035 “
911 3000 1024 3066 ille
1067 3006 1369 3068 censetur
1399 3005 1540 3067 tam
1584 3023 1658 3068 os
1696 3002 1772 3067 in
1801 3003 2040 3069 coelum
2085 3025 2346 3091 ponere,
2395 3027 2594 3092 quam
2641 3014 2933 3073 montem

828 3109 866 3140 ‘⁴
910 3104 1344 3193 fumigantem
1388 3110 1678 3192 tangere,
1726 3105 1845 3192 qui
1904 3107 2120 3173 dicere
2162 3109 2521 3196 praesumit,
2566 3110 2743 3196 quod
2788 3110 2936 3177 Rex

828 3214 864 3243 “
910 3207 1112 3273 talem
1141 3208 1520 3274 libertatem
1549 3230 1634 3273 ex
1664 3209 2110 3297 praerogativa
2137 3231 2276 3278 suae
2305 3232 2558 3277 coronae
2587 3213 2937 3279 concedere

827 3318 865 3345 “
909 3331 1047 3376 non
1090 3310 1312 3397 possit.
1405 3309 1601 3397 Ergo,

916 3421 952 3449 “
982 3412 1191 3479 Sexto
1221 3412 1639 3493 sic—Quam
1684 3410 1951 3478 difficile
1998 3417 2101 3478 est
2158 3413 2234 3479 in
2281 3435 2432 3480 eum
2476 3415 2759 3481 scribere
2818 3418 2935 3503 qui

829 3521 864 3550 “
909 3519 1131 3601 potest
1194 3515 1636 3602 praescribere,
1685 3519 1830 3579 tam
1898 3513 2164 3581 difficile
2209 3522 2313 3582 est
2373 3517 2446 3580 in
2507 3539 2659 3583 eum
2720 3517 2935 3585 dicere

827 3620 863 3652 ‘⁸
910 3617 1026 3701 qui
1057 3620 1278 3702 potest
1306 3616 1394 3681 ad
1423 3614 1863 3682 dedicendum
1909 3625 2220 3684 coartare.
2311 3616 2337 3656 ¹
2360 3617 2491 3685 Sed
2532 3623 2672 3683 tam
2715 3618 2746 3657 ⁴
2767 3619 2936 3685 diffi-

825 3722 863 3752 “
908 3716 1030 3783 cile
1071 3721 1175 3782 est
1218 3717 1293 3781 in
1336 3737 1488 3782 eum
1537 3717 1823 3784 scribere
1867 3719 1986 3804 qui
2029 3725 2252 3806 potest
2284 3721 2726 3807 praescribere,
2758 3722 2936 3810 quod

823 3826 864 3956 ἶῖ
904 3817 1173 3987 fi‘ffi
1196 3817 1594 3988 ἓξῗῗὲῗῗ
1638 3820 2039 3987 ffldzss
2084 3821 2448 3991 8ῗωῖθὲὠέ
2536 3823 2731 3991 {Q
2794 3833 2933 3891 '⁵⁸¹¹'

1536 3944 1605 3986 m
2341 3946 2377 3990 e
2449 3947 2567 3992 cen
2614 3949 2729 3992 um
2759 3948 2936 3992 com-

824 4031 860 4059 “
905 4023 1163 4111 pellere,
1189 4024 1367 4110 quod
1396 4024 1640 4111 poterit
1671 3945 2433 4114 perpetzlaumpimponere
2462 4027 2804 4094 silentium
2834 4028 2934 4093 ori

827 4132 863 4161 “
908 4148 1044 4193 suc.
1134 4124 1160 4163 ¹
1184 4126 1318 4193 Sed
1362 4125 1475 4193 ille
1518 4126 1592 4191 in
1637 4125 1890 4212 Regem
1934 4126 2282 4193 manifeste
2328 4128 2509 4208 dicit,
2555 4130 2672 4216 qui
2715 4130 2932 4216 ipsum

826 4230 864 4262 “
908 4248 1043 4292 non
1093 4249 1282 4314 posse
1328 4226 1465 4293 tale
1508 4227 1860 4293 concedere
1911 4228 2339 4316 privilegium
2383 4230 2716 4297 affirmare
2768 4253 2935 4317 prae-

828 4335 861 4362 “
908 4329 1159 4411 sumit3
1231 4351 1403 4418 erge,
1468 4352 1554 4395 ex
1597 4351 1788 4417 posse
1832 4351 1953 4396 suo
2013 4331 2195 4420 regio
2254 4336 2649 4419 perpetuum
2712 4339 2934 4420 posset

823 4435 863 4467 ‘⁴
908 4431 1247 4518 imponere
1291 4430 1637 4499 silentium
1680 4431 1780 4499 ori
1827 4453 1963 4499 suo,

886 4658 902 4691 ¹
932 4658 1020 4708 Set
1043 4658 1098 4707 in
1120 4657 1232 4709 MS.
1974 4656 1997 4691 ⁸
2019 4664 2074 4708 ut
2094 4657 2149 4709 in
2165 4658 2279 4713 MS.
2313 4660 2415 4728 Qy.
2437 4660 2485 4712 if
2498 4659 2713 4713 Exodns
2732 4677 2824 4714 xx.
2856 4666 2931 4713 18.

884 4737 907 4769 2
933 4741 955 4786 1
989 4735 1169 4790 oleron.
1190 4735 1297 4792 xvi.
1323 4741 1422 4798 22„
1443 4734 1614 4789 Pealm
1634 4752 1717 4789 cv.
1745 4741 1822 4790 15.
1978 4738 1996 4768 ⁴
2018 4735 2204 4801 dificile
2225 4738 2280 4790 in
2303 4738 2417 4792 MS.
