3467 5717
1365 832 1609 886 smon
1653 832 1923 886 Anum
2578 819 2705 889 175

605 1023 642 1057 “
685 1018 913 1088 feeerit
969 1021 1173 1089 talem
1232 1020 1259 1061 ¹
1280 1023 1721 1111 prudentiam,
1768 1022 1947 1110 quod
1988 1021 2287 1089 homines
2344 1020 2703 1088 habeamus
2728 1015 3043 1072 A.D.1422.

601 1127 637 1156 “
681 1124 1083 1192 sufficientes
1145 1125 1235 1191 ad
1296 1126 1665 1193 custodiam
1727 1130 1799 1191 et
1857 1124 2275 1192 securitatem
2326 1129 2700 1191 nostrorum

603 1230 638 1259 “
680 1228 1200 1295 necessariorum
1250 1227 1560 1309 locorum,
1610 1231 1682 1294 et
1740 1226 2030 1294 feceritis
2078 1225 2701 1295 excommunicatio-

604 1332 640 1362 “
683 1350 838 1396 nem
868 1328 898 1366 ²
904 1330 1300 1418 generalem,
1319 1330 1687 1397 terribilem
1704 1334 1775 1396 et
1803 1329 2223 1396 insolubilem
2253 1333 2483 1397 contra
2511 1349 2704 1416 quos-

604 1436 642 1466 “
685 1452 945 1520 cunque
974 1431 1002 1473 ⁸
1015 1438 1277 1501 nostros
1321 1432 1635 1516 homines,
1672 1436 1756 1498 ut
1798 1452 1936 1498 non
1979 1431 2364 1519 relinquant
2390 1453 2511 1498 noe
2539 1430 2708 1497 solos

605 1538 642 1568 “
684 1534 759 1598 in
816 1556 1059 1622 guerra
1099 1534 1485 1617 infidelium,
1532 1539 1603 1601 et
1643 1533 1775 1621 ipsi
1815 1534 1890 1600 in
1933 1554 2093 1621 pace
2138 1534 2276 1600 sint
2318 1555 2469 1600 cum
2531 1532 2707 1620 ipsis,

608 1640 645 1669 “
689 1635 719 1674 ‘¹'
739 1637 856 1703 sed
902 1636 929 1676 ⁶
948 1638 1259 1704 auxiliari
1325 1636 1517 1703 nobis
1585 1639 1817 1703 contra
1882 1634 2201 1716 infideles,
2248 1635 2348 1702 ita
2391 1632 2419 1673 ⁸
2437 1639 2520 1701 ut
2578 1632 2709 1720 ipsi

609 1743 644 1774 “
689 1738 987 1806 infideles
1030 1760 1166 1806 non
1208 1739 1499 1809 habeant
1541 1738 1933 1805 facultatem
1994 1736 2237 1804 inferre
2295 1741 2529 1804 contra
2586 1754 2709 1800 nos

608 1846 644 1876 “
689 1838 715 1880 ⁷
734 1845 1021 1907 armatas
1064 1863 1268 1908 naves
1311 1843 1626 1929 ipsorum.
1716 1839 1812 1906 Et
1838 1839 1965 1907 hoc
2011 1836 2039 1879 ⁸
2056 1843 2317 1927 oportet
2360 1860 2482 1906 nos
2526 1858 2713 1904 reve-

606 1948 640 1979 “
684 1943 1110 2010 rendissimus
1154 1943 1531 2010 Cardinalis
1572 1940 1600 1982 ⁹
1625 1942 1940 2029 [habens]
1984 1962 2069 2007 ex
2109 1941 2303 2009 vobis
2345 1939 2715 2028 generalem

604 2055 640 2086 “
682 2050 1150 2117 auctoritatem
1194 2055 1264 2117 et
1307 2049 1451 2116 vim
1496 2070 1693 2136 super
1737 2046 1907 2127 istis,
1966 2047 2185 2135 placet
2245 2043 2299 2085 ¹⁰
2317 2046 2509 2112 vobis
2551 2045 2715 2111 inci-

610 2156 645 2186 “
688 2173 844 2238 pere
885 2151 1156 2218 unionis
1199 2172 1364 2240 opus
1394 2151 1480 2217 ab
1509 2150 1657 2238 ipsa
1685 2149 1795 2216 die
1839 2170 1973 2236 qua
2012 2148 2144 2214 huc
2172 2147 2520 2215 advenerit
2547 2168 2717 2235 prae·

611 2258 646 2287 “
692 2252 912 2319 dictus
955 2252 1006 2292 Π
1029 2253 1440 2336 Oardinalis3
1484 2257 1556 2320 et
1598 2257 1765 2318 tunc
1809 2250 2243 2318 conveniente
2289 2250 2488 2318 Sacro
2548 2249 2721 2316 Con-

611 2360 648 2388 “
693 2354 846 2420 cilio
920 2356 1278 2422 secundum
1353 2355 1708 2441 antiquum
1791 2357 2169 2419 sanctorum
2243 2351 2721 2420 universalium

610 2461 645 2491 “
691 2454 745 2495 ¹²
766 2455 1207 2524 Consiliorum
1235 2457 1560 2524 virtutem
1589 2456 2099 2544 praeteritorum,
2143 2455 2444 2522 ordinem
2472 2460 2542 2521 et
2571 2475 2721 2521 con-

611 2563 647 2593 “
689 2558 1131 2642 suetudinem,
1195 2563 1266 2625 et
1329 2558 1619 2625 veritate
1694 2557 1839 2625 sine
1912 2557 2341 2624 contentione
2416 2557 2716 2644 quaesita,

611 2665 647 2695 “
690 2661 1007 2747 quicquid
1094 2660 1467 2728 revelatum
1541 2659 1747 2727 fuerit
1825 2657 1877 2698 ¹⁸
1904 2657 2337 2746 inspiratione
2424 2657 2717 2746 Spiritus

613 2768 648 2797 “
693 2762 925 2829 Sancti
954 2763 1025 2828 in
1053 2763 1179 2829 hoc
1220 2760 1278 2802 ¹⁴
1290 2784 1473 2830 sacro
1519 2762 1833 2841 Concili0‚
1865 2761 2133 2848 utrique
2174 2760 2356 2850 parti
2392 2759 2714 2849 placitum

612 2868 651 2899 “
695 2864 800 2942 sit,
846 2868 917 2931 et
961 2864 1399 2952 subsequatur
1461 2865 1676 2932 omnis
1734 2864 2061 2931 terminus
2103 2862 2363 2930 mundi.
2478 2863 2718 2949 Itaque

613 2972 650 3001 “
695 2967 817 3032 fiat
860 2967 1254 3035 universalis
1297 2967 1479 3047 unic,
1523 2972 1594 3033 et
1655 2965 2104 3054 infrangibilis
2148 2971 2219 3032 et
2259 2966 2471 3051 firma,
2518 2966 2718 3032 eccle-

618 3073 653 3103 “
701 3068 965 3137 siarum.
1053 3069 1309 3136 Datum
1352 3069 1429 3135 in
1472 3068 1637 3136 urbe
1687 3074 1917 3136 nostra
1958 3067 2720 3155 Constantinopolitana‚

621 3175 658 3205 “
704 3170 1056 3238 millesimo
1130 3170 1779 3260 quadringentesimo
1852 3171 2167 3238 vicesimo
2240 3171 2543 3257 secundo,
2615 3171 2723 3237 die

619 3276 656 3306 “
703 3270 1003 3354 sabbati,
1051 3269 1103 3311 ¹⁶
1117 3273 1601 3340 tertia-decima
1647 3274 1757 3340 die
1823 3272 2070 3339 mensis
2130 3270 2550 3354 Novembris,
2598 3272 2722 3338 sub

617 3378 655 3409 “
705 3370 758 3412 ¹⁶
773 3374 986 3440 nostri
1015 3372 1065 3417 ²⁷
1082 3373 1441 3463 imperialis
1469 3375 1674 3464 sigilli
1702 3375 2152 3463 impressione,
2173 3379 2245 3440 et
2273 3379 2503 3441 nostra
2530 3373 2724 3440 solita

618 3480 655 3510 “
701 3476 904 3543 rubra
971 3476 1469 3566 subscriptione,
1515 3475 1564 3518 ¹⁸
1586 3478 1857 3559 scilicet,
1903 3477 1986 3544 de
2051 3475 2281 3546 Graeco
2347 3481 2418 3543 et
2483 3476 2726 3542 litteris

621 3582 658 3613 “
705 3578 1008 3647 Graecis.”

683 3744 699 3776 ¹
717 3761 816 3809 pro
859 3746 1121 3799 seem-itate
1157 3755 1428 3798 nostrorum
1460 3763 1622 3798 neces-
1788 3749 1827 3779 ¹⁴²
1847 3756 2029 3814 septem
2052 3747 2410 3814 praeteritorum
2433 3746 2645 3798 ordinem
2670 3748 2725 3798 in

614 3824 858 3874 sariorum
893 3823 1112 3890 beorna,
1136 3830 1186 3876 et
1201 3825 1436 3892 feceritis
1459 3827 1516 3877 in
1536 3826 1625 3877 the
1717 3825 1806 3879 the
1832 3825 2073 3879 concilia.

621 3901 862 3954 Conm‘lia.
1780 3904 1821 3938 ¹⁸
1846 3907 2118 3973 inspirante
2134 3905 2334 3973 Spiritu
2351 3906 2538 3958 Sancto
2560 3906 2616 3958 in
2637 3907 2722 3960 the

679 3980 702 4014 ²
723 3982 947 4036 Omitted
969 3982 1023 4034 in
1042 3983 1130 4036 the
1157 3983 1402 4039 Com-ilia.
1719 3984 1962 4039 eoncilia.

683 4058 707 4092 ³
727 4068 914 4113 vestros
933 4060 986 4112 in
1009 4061 1096 4115 the
1123 4061 1366 4116 concilia.
1783 4064 1821 4097 ¹⁴
1842 4072 2013 4116 sancto
2037 4063 2255 4117 Concilio
2275 4065 2333 4115 in
2352 4064 2439 4116 the
2474 4064 2714 4117 Concilio.

683 4138 706 4171 ⁴
725 4139 872 4190 setin
893 4140 1008 4193 MS.
1790 4142 1831 4176 ¹⁵
1855 4143 2202 4195 tatio-decima
2235 4143 2291 4193 in
2321 4143 2461 4204 Ms.;
2518 4152 2724 4210 quarta-

687 4220 709 4249 ⁸
728 4218 1032 4270 auxilientur
1051 4220 1106 4270 in
1131 4220 1218 4272 the
1247 4220 1490 4273 Coueilia.
1716 4222 1908 4273 decima
1928 4223 1983 4273 in
2004 4222 2090 4275 the
2118 4221 2357 4274 eoncilia.

688 4296 710 4329 ⁶
732 4296 862 4361 quod
880 4298 980 4363 ipsi
1001 4297 1054 4348 in
1077 4299 1164 4350 the
1191 4298 1435 4352 Cone-ilia.
1782 4300 1824 4334 ¹⁶
1845 4309 2013 4354 noum
2050 4299 2321 4367 imperialis
2366 4300 2423 4353 in
2455 4303 2544 4355 the
2584 4302 2720 4355 Con-

684 4374 707 4413 7
723 4384 936 4427 amatos
955 4392 1082 4430 nave
1099 4378 1157 4428 in
1178 4378 1265 4429 the
1294 4378 1535 4430 Com-ilia.
1713 4380 1850 4433 cilia.

683 4453 706 4486 Β
723 4463 900 4521 parcet
921 4455 1058 4507 nobis
1080 4456 1135 4507 in
1156 4457 1246 4508 the
1273 4456 1513 4510 eoncilia.
1782 4459 1824 4498 ¹⁷
1844 4458 2090 4526 imperiala·
2141 4460 2197 4510 in
2251 4460 2367 4512 MS.
2391 4483 2406 4522 ;
2454 4463 2713 4512 corrected

685 4533 709 4566 ⁹
733 4534 976 4600 Supplietl
997 4535 1131 4587 from
1152 4536 1242 4586 the
1270 4533 1511 4589 concilia.
1733 4540 1874 4590 from
1893 4539 1980 4590 the
2009 4537 2249 4590 concilia.

683 4613 726 4647 ¹⁰
745 4613 886 4665 nobie
905 4614 960 4666 in
981 4615 1067 4667 the
1096 4614 1339 4669 concilia.
1785 4617 1827 4651 ¹⁸
1848 4619 2012 4670 These
2048 4619 2167 4670 final
2200 4619 2367 4671 words
2388 4632 2475 4672 are
2506 4619 2719 4673 omitted

619 4756 628 4763 ·
691 4695 726 4727 ¹¹
751 4693 1190 4746 rever-cudwinus
1227 4694 1533 4761 cardinalis,
1575 4695 1629 4749 in
1715 4697 1770 4749 in
1791 4698 1879 4751 the
1907 4697 2149 4750 concilim

615 4772 705 4824 the
733 4773 972 4827 concilia.
