3467 5717
1350 772 1593 823 sANcn
1640 772 1915 824 ΛιΒΔΝι.
2594 756 2677 828 79

580 956 846 1024 Sciebat
890 958 1122 1045 utique
1166 980 1255 1024 ex
1299 979 1432 1045 quo
1477 959 1817 1026 stomacho
1864 964 2002 1026 tam
2035 958 2287 1026 fumosa
2329 958 2676 1025 verborum
2708 974 2842 1025 A.D.
2875 982 3014 1025 1423.

580 1062 889 1147 processit
910 1061 1266 1155 eructatio,
1297 1067 1368 1128 et
1398 1061 1574 1143 ideo,
1606 1084 1691 1128 ne
1730 1062 1942 1148 judex
1985 1061 2192 1128 iratus
2235 1062 2322 1127 ad
2356 1060 2679 1147 judicium

578 1163 1075 1251 praecipitanter
1132 1164 1537 1251 procederet,
1584 1186 1704 1251 pro
1765 1171 1958 1251 parte
2003 1164 2292 1230 Abbatis
2341 1164 2539 1251 petiit
2581 1163 2684 1228 in-

577 1265 843 1347 ducias3
895 1266 1157 1351 sibique
1204 1266 1581 1346 Florentiae,
1613 1271 1693 1331 ut
1721 1288 2161 1352 responsurus
2189 1267 2539 1345 accederet,
2569 1266 2685 1331 has

578 1369 956 1434 transmisit
1000 1369 1221 1456 apices
1263 1369 1749 1456 epistolares.—

559 1525 563 1530 .
672 1477 710 1507 “
754 1470 843 1536 In
880 1470 1148 1538 Christo
1190 1476 1398 1558 pater,
1444 1476 1512 1537 et
1539 1470 1746 1538 stater
1789 1470 2392 1539 carissime—Post
2438 1470 2688 1537 medul-
2714 1475 2824 1553 Τξιε

583 1582 618 1609 “
662 1574 867 1639 larem
935 1595 1021 1639 ex
1086 1574 1274 1640 corde
1335 1573 1635 1657 salutem,
1696 1574 1931 1640 damus
1991 1574 2183 1641 vobis
2245 1573 2687 1640 amicabiliter
2710 1542 2980 1660 gffiffi‘ed

580 1685 612 1710 “
656 1676 1028 1763 intelligere
1072 1698 1188 1763 per
1229 1680 1605 1764 praesentes,
1650 1678 1979 1763 quomodo
2038 1681 2499 1764 exemptorum
2559 1676 2680 1741 ad·
2710 1676 2874 1724 writes
2903 1682 2954 1723 ⁸0

576 1784 609 1813 “
655 1779 1001 1859 versarius,
1032 1777 1082 1844 J
1082 1780 1264 1858 udas,
1293 1801 1429 1846 non
1459 1779 1727 1857 dormit,
1757 1779 1979 1862 imme,
2022 1802 2172 1847 cum
2218 1778 2242 1818 ¹
2265 1778 2677 1847 sacerdotum
2705 1743 2792 1793 ὼε
2814 1742 3004 1792 Abbm'

578 1889 611 1916 “
655 1881 1059 1970 principibus
1080 1904 1150 1950 se
1171 1882 1644 1965 confoederans,
1674 1884 1750 1950 in
1769 1905 2006 1950 manus
2036 1905 2261 1951 eorum
2282 1905 2391 1950 eos
2417 1882 2683 1948 tradere

580 1992 614 2019 “
651 1985 791 2069 jam
833 1984 1124 2054 festinat.
1218 1986 1458 2073 Igitur,
1503 1992 1698 2074 pater
1742 2008 1818 2053 ac
1863 1986 2085 2068 frater,
2147 2009 2265 2074 per
2323 1984 2684 2051 amicitiam

580 2094 618 2122 “
660 2088 951 2174 vigilate,
999 2093 1070 2154 et
1111 2088 1442 2156 vivaciter
1492 2095 1859 2177 procurate,
1891 2111 1977 2155 ne
2024 2086 2322 2155 ”somnio
2365 2087 2686 2155 vecordiae

580 2201 614 2225 “
662 2189 924 2256 intretis
952 2190 1026 2255 in
1051 2192 1512 2259 tentationem.
1606 2191 1690 2256 In
1723 2191 1951 2278 paucis
1991 2192 2188 2280 plura
2217 2191 2683 2279 intelligentes,

584 2298 618 2326 “
664 2291 941 2359 feliciter
978 2315 1127 2359 cum
1172 2293 1467 2360 Domino
1511 2291 1849 2362 valeatis.’'

670 2394 899 2461 Abbas
957 2396 1173 2482 apices
1230 2395 1361 2463 sibi
1408 2396 1764 2463 Florentiae
1823 2400 2160 2484 porrectos
2220 2395 2540 2484 aperiens,
2587 2401 2686 2461 te-
2713 2407 2824 2458 The
2851 2409 3022 2457 Abbot

579 2518 936 2585 noremque
982 2498 1225 2587 legens,
1271 2497 1497 2565 subito
1541 2520 1788 2586 equum
1831 2501 2146 2579 ascendit,
2179 2499 2429 2585 hasque
2475 2498 2501 2537 ³
2520 2521 2684 2585 prae-
2710 2476 3020 2594 ζξρξίξζηῖ

579 2601 851 2666 mittens
892 2600 1413 2689 mgmtiatorias,
1458 2601 1760 2668 celeriter
1809 2622 2040 2670 versus
2101 2601 2470 2668 Consilium
2533 2623 2682 2689 pro·

580 2705 949 2791 pei-avit.—

671 2813 707 2843 “
738 2806 1195 2894 Insignissime
1239 2807 1544 2889 Domine,
1590 2812 1783 2896 pater
1838 2828 1916 2875 ac
1975 2812 2219 2896 pastor,
2280 2830 2367 2875 ex
2425 2806 2681 2874 meritis
2708 2812 2810 2890 Bu}
2831 2810 2942 2889 firqt

582 2920 617 2947 “
662 2910 1326 2998 infillanda—Super
1385 2912 1686 2977 sublimis
1748 2911 1969 2978 Curiae
2014 2910 2524 2978 *candelabrum
2567 2910 2684 2974 illa
2708 2885 2997 3003 ζῃῐζξῗξξζῗο

582 3021 619 3050 “
664 3013 748 3079 de
814 3035 1102 3101 congruo
1167 3015 1438 3081 lucerna
1511 3015 1926 3103 supponitur,
2003 3037 2153 3101 quae
2228 3013 2684 3080 indifferenter
2711 3012 2796 3061 the
2813 3010 3005 3073 Bishop

584 3123 621 3152 “
668 3116 989 3183 diffundit
1044 3117 1279 3199 radios,
1325 3138 1445 3183 nec
1492 3138 1643 3183 cum
1694 3117 1974 3184 invidiae
2017 3122 2262 3185 ventus
2324 3116 2684 3182 obduxerit
2709 3078 2767 3128 σε
2786 3076 3016 3129 canale.

587 3226 625 3255 “
671 3217 1151 3285 incusationum
1185 3218 1592 3300 “nubeculas
1623 3220 1751 3287 sub
1780 3219 2035 3287 silentii
2063 3219 2287 3285 modio
2312 3218 2685 3306 partialiter

582 3330 617 3358 ‘⁸
666 3322 1044 3390 occultatur.
1131 3323 1308 3389 Talis
1354 3325 1589 3411 utique
1641 3324 2026 3410 loquentem
2085 3322 2364 3387 audiens
2421 3320 2688 3408 injusti-

582 3432 619 3461 “
667 3425 847 3505 tiam,
877 3423 1147 3492 minime
1187 3428 1640 3514 squinantiam
1680 3428 1946 3515 patitur
1987 3446 2142 3492 cum
2179 3423 2208 3462 ⁶
2225 3423 2686 3502 Demosthene,

578 3535 615 3565 “
661 3530 865 3595 immo
909 3529 1096 3616 quasi
1139 3529 1311 3597 alter
1356 3530 1527 3597 Cato
1571 3530 1858 3598 viriliter
1909 3526 2209 3596 ascendit
2253 3548 2340 3595 ex
2386 3527 2682 3606 adverso,

579 3640 616 3668 “
662 3652 860 3718 seque
888 3653 1151 3698 murum
1183 3633 1463 3721 opponit
1492 3654 1612 3721 pro
1631 3632 1903 3721 justitia
1931 3638 2003 3701 et
2032 3632 2366 3720 aequitate.
2427 3630 2682 3717 Hujus-

580 3740 616 3768 “
662 3735 839 3799 modi
883 3734 1128 3823 quippe
1180 3735 1457 3803 luminis
1514 3758 1774 3805 cereum
1841 3758 2053 3826 nuper
2116 3736 2202 3803 de
2267 3736 2392 3803 sub
2460 3734 2682 3802 modio

579 3843 615 3871 “
660 3838 941 3924 pectoris
983 3838 1148 3903 tulit
1194 3838 1475 3905 audacia
1518 3840 1819 3928 pastoris,
1851 3844 1923 3907 et
1949 3839 2175 3928 posuit
2217 3860 2417 3927 super
2445 3838 2682 3905 cande·

578 3948 610 3973 “
656 3939 929 4019 labrum,
974 3942 1239 4028 quando
1284 3964 1406 4009 vos
1448 3941 1668 4031 palam
1713 3943 2002 4010 Domino
2048 3941 2491 4008 Lineolniensi
2537 3936 2564 3977 ⁷
2580 3962 2680 4005 re-

576 4046 615 4076 “
663 4042 933 4109 stitistis
975 4043 1050 4108 in
1094 4042 1345 4123 faciem,
1402 4067 1522 4133 pro
1568 4068 1646 4114 eo
1709 4046 1889 4135 quod
1951 4066 2106 4113 vere
2150 4040 2682 4132 reprehensibilis

652 4327 665 4359 ¹
691 4330 754 4380 In
789 4328 1008 4381 allusion
1046 4336 1100 4381 to
1144 4326 1390 4381 Manlum
1435 4330 1578 4383 xxvi.
1747 4333 1769 4362 ⁸
1790 4332 1936 4383 nubes
1991 4333 2044 4384 in
2111 4332 2196 4384 the
2252 4338 2377 4396 text,
2443 4335 2534 4385 but
2589 4346 2682 4385 run

581 4412 660 4458 14.
1677 4412 1900 4476 through
1922 4412 2046 4463 with
2067 4413 2160 4464 red
2180 4412 2289 4473 ink,
2313 4414 2412 4463 and
2427 4412 2515 4463 the
2536 4414 2681 4464 other

642 4487 664 4519 ²
683 4489 899 4553 sompnia
920 4485 973 4539 in
994 4486 1111 4541 MS.
1679 4492 1820 4541 word
1842 4491 2135 4544 substituted
2157 4491 2210 4541 in
2232 4491 2317 4542 the
2342 4491 2555 4557 margin,
2574 4491 2630 4542 in
2653 4509 2684 4542 a

641 4566 663 4598 ³
679 4569 1049 4631 pretermittens
1092 4567 1142 4617 in
1190 4569 1278 4620 the
1320 4574 1448 4629 text,
1488 4569 1579 4618 but
1676 4570 1806 4621 later
1827 4569 1979 4621 hand.

571 4648 830 4697 corrected
851 4646 974 4696 with
994 4654 1311 4713 expunctor-y
1332 4648 1519 4698 marks.
1745 4646 1767 4677 ‘⁵
1799 4647 2083 4700 Demo-scene
2105 4649 2157 4699 in
2180 4648 2295 4701 MS.

640 4725 661 4758 ⁴
683 4725 746 4776 In
766 4724 979 4778 allusion
1002 4734 1058 4778 to
1081 4726 1327 4778 Matthew
1348 4742 1399 4777 v.
1429 4731 1507 4777 15.
1747 4725 1768 4763 2·
1788 4726 1852 4776 In
1874 4725 2088 4780 allusion
2111 4736 2165 4780 to
2192 4727 2460 4781 Galatiam
2481 4728 2536 4781 ii.
2565 4734 2643 4779 ll.
