3467 5717
1375 811 1620 864 sarton
1662 811 1937 864 mam.
2547 799 2676 864 229

575 995 939 1063 Dominicis
1007 998 1390 1065 immediate
1464 999 1962 1065 succedentibus
2037 1002 2354 1086 pergeret,
2430 999 2678 1063 exutus
2702 1012 3014 1072 l.n.1⁴2e‚⁷.

582 1098 897 1179 vestibus,
947 1100 1120 1166 circa
1168 1098 1191 1138 ¹
1211 1101 1660 1167 coemeterium
1709 1101 1783 1165 in
1824 1122 1945 1166 sua
1982 1099 2344 1194 parochiali
2388 1098 2674 1181 ecclesia,

573 1204 727 1265 ante
777 1203 1275 1288 processionem,
1308 1208 1394 1282 et,
1427 1206 1579 1290 post
1623 1202 1768 1289 ejus
1808 1223 2173 1289 regressum
2202 1200 2290 1267 ad
2320 1200 2673 1282 ecclesiam,

571 1303 657 1367 ad
716 1304 930 1388 majus
973 1304 1309 1371 accederet
1351 1305 1579 1385 altare,
1610 1304 1989 1390 ibidemque
2032 1325 2289 1370 cereum
2335 1302 2515 1389 quod
2557 1325 2678 1368 sua

569 1401 825 1470 ferebat
866 1427 1089 1486 manu,
1136 1406 1329 1472 flexis
1370 1407 1671 1493 genibus,
1719 1405 2085 1472 collocaret.

665 1503 978 1592 Injunxit
1025 1508 1227 1574 etiam
1289 1505 1500 1573 eidem
1548 1511 1643 1584 ut,
1689 1507 1762 1571 in
1807 1507 2069 1594 plenam
2122 1506 2329 1572 illatae
2382 1506 2675 1572 infamiae
2701 1527 2790 1577 An
2813 1526 2993 1579 hereti-

570 1607 1032 1688 remissionem,
1093 1609 1334 1674 librum
1396 1608 1585 1673 illum
1662 1606 1688 1645 2
1711 1608 2163 1688 execrabilem,
2225 1629 2420 1693 quem
2491 1608 2730 1709 priush
2698 1593 2778 1644 ⁰⁸¹
2799 1594 3008 1645 bookm

570 1709 937 1796 gaudenter
981 1710 1243 1798 legerat,
1280 1710 1425 1795 jam
1485 1731 1690 1775 manu
1749 1715 1970 1776 erecta
2012 1731 2131 1796 per
2174 1713 2456 1775 stratam
2504 1710 2671 1797 pub-
2697 1659 2994 1776 ‘impanen-

569 1809 762 1876 h'cam
807 1810 1106 1888 deferret,
1155 1833 1361 1898 usque
1406 1813 1492 1878 ad
1541 1812 1858 1899 Magnam
1904 1812 2233 1891 Crucem,
2277 1811 2669 1898 ibidemque,
2693 1793 2859 1909 ἓξὲξ
2870 1800 2923 1844 ‘⁰
2945 1794 3008 1843 ι’·

568 1912 641 1977 in
685 1933 1055 1999 expressam
1106 1913 1619 1981 detestationem
1664 1912 1922 1993 codicis,
1968 1913 2514 2000 manifestamque
2557 1913 2670 1979 ab·

559 2014 967 2098 jurationem
1014 2015 1231 2081 omnis
1273 2015 1565 2097 haeresis,
1596 2015 1668 2081 in
1709 2015 1973 2102 publico
2017 2019 2405 2103 reponeret;
2448 2014 2672 2082 collec-

569 2122 797 2203 tasque
842 2124 1241 2204 supponeret
1303 2116 1633 2205 lignorum
1697 2117 2055 2198 fasciculas,
2108 2140 2186 2182 ac
2249 2116 2556 2183 totaliter
2597 2117 2672 2181 in

567 2219 817 2284 cineres
861 2225 1316 2286 concremaret.

661 2320 811 2401 Qua
855 2321 1254 2407 poenitentia
1294 2321 1614 2408 injuncta,
1662 2325 1732 2386 et
1778 2321 1864 2388 ab
1918 2343 2014 2403 eo,
2076 2320 2266 2408 cujus
2331 2320 2675 2400 intererat,
2700 2334 2811 2386 'rhe
2833 2335 3013 2388 Abbot

565 2422 901 2508 patienter
943 2423 1246 2501 admissa,
1292 2423 1321 2461 ⁸
1341 2423 1733 2489 hortabatur
1791 2422 2021 2489 Abbas
2063 2429 2333 2489 cunctos
2383 2423 2675 2510 singulos
2697 2402 2996 2520 fflffi

567 2528 653 2593 ad
685 2527 957 2615 vigilem
1004 2550 1179 2595 curae
1222 2528 1608 2607 custodiam,
1637 2552 1715 2595 ac
1745 2529 2090 2616 praecipue,
2125 2533 2203 2595 ut
2247 2528 2674 2595 attenderent
2696 2541 2749 2585 to
2770 2534 2833 2586 be

567 2652 609 2695 a
650 2629 831 2696 falsis
874 2630 1233 2718 prophetis,
1263 2631 1399 2717 qui,
1429 2632 1502 2697 in
1548 2630 1577 2669 ⁴
1592 2631 2011 2698 vestimentis
2056 2632 2282 2696 ovium
2315 2630 2671 2709 venientes,
2697 2600 2950 2652 ”mm

565 2732 828 2800 fuerant
887 2733 1281 2800 intrinsecus
1338 2734 1409 2798 in
1476 2733 1764 2800 sinistris
1830 2734 1969 2799 suis
2015 2732 2439 2820 opinionibus
2497 2732 2671 2820 lupis

567 2835 1002 2921 sylvestribus
1067 2837 1450 2922 rapaciores.
1570 2835 1672 2902 De
1736 2836 1994 2922 hiisque
2055 2834 2415 2902 voracibus
2476 2834 2668 2922 lupis,

567 2936 1173 3024 execrabilibusque
1213 2960 1439 3005 eorum
1484 2938 1992 3015 conditionibus,
2022 2959 2385 3005 sermonem
2414 2905 2671 3002 diutius

572 3040 981 3126 protrahens,
1021 3040 1314 3121 taudem,
1361 3062 1512 3107 cum
1556 3061 1692 3106 non
1739 3044 2004 3127 poterat
2048 3061 2188 3127 prae
2242 3037 2541 3126 suspiriis
2599 3060 2670 3103 se
2696 3054 2814 3106 He·
2800 3070 2878 3104 m-

566 3140 735 3208 bene
779 3142 1113 3208 continere
1170 3142 1467 3220 ulteriuS,
1521 3141 2082 3209 recommendavit
2125 3140 2374 3207 curatis
2416 3144 2671 3205 statum
2694 3121 2898 3252 ιἓξὲξ

567 3243 779 3310 totius
837 3244 1178 3325 Ecclesiae3
1221 3267 1372 3311 cum
1430 3244 1920 3331 “lacrymisque
1977 3244 2063 3309 ad
2140 3242 2480 3309 Lollardos
2536 3263 2670 3308 ser·
2694 3253 3014 3315 lanuuium,

565 3372 826 3417 monem
870 3351 1178 3438 dirigens,
1224 3357 1455 3419 contra
1498 3373 1610 3417 eos
1654 3351 1938 3428 invexit,
1986 3349 2112 3415 sub
2160 3349 2283 3415 hoc
2309 3347 2668 3415 verborum
2696 3320 2752 3370 ³¹¹
2774 3335 2933 3371 *⁰¹⁸⁰

565 3458 902 3521 tenore.—

659 3564 692 3593 “
735 3553 762 3594 ⁶
780 3556 944 3637 Quis
986 3555 1248 3623 cohibet
1278 3557 1618 3644 lacrymas,
1651 3556 1803 3643 quis
1844 3577 2047 3643 genas
2077 3574 2215 3621 non
2259 3553 2432 3640 gerit
2461 3553 2676 3618 udas?

655 3668 691 3695 “
738 3659 908 3725 Cum
953 3658 1399 3725 Lollardinam
1447 3664 1709 3740 sectam,
1757 3658 1907 3744 plus
1951 3657 1975 3695 ⁷
1998 3655 2244 3746 tigride
2288 3677 2553 3746 saevam,

660 3765 697 3794 “
742 3758 988 3838 Gemit,
1035 3765 1104 3826 et
1146 3760 1448 3827 insanam
1495 3766 1806 3839 mentem,
1850 3759 2193 3847 vitamque
2241 3755 2269 3794 ⁸
2283 3756 2643 3845 profanam.

656 3867 693 3899 “
737 3861 930 3929 Plebs
989 3862 1131 3929 mc
1194 3862 1524 3950 pestifera,
1593 3884 1807 3930 novus
1871 3862 2098 3939 Orcus,
2142 3865 2215 3926 et
2257 3857 2476 3925 ¹’altra
2537 3859 2677 3924 Me-

836 3971 872 4000 “
915 3986 1112 4052 gaera,

634 4145 649 4175 ¹
674 4143 960 4194 cincius-im
980 4141 1034 4193 in
1055 4143 1169 4194 MS.
1668 4141 1906 4206 proeody,
1927 4138 1969 4189 is
1989 4137 2185 4204 greatly
2217 4137 2317 4187 due
2355 4144 2411 4186 to
2449 4136 2535 4187 the
2574 4137 2681 4187 fact

632 4223 655 4257 ²
676 4220 1019 4273 mam
1040 4221 1095 4271 in
1117 4219 1232 4274 MS.
1668 4216 1780 4272 that
1814 4217 1964 4283 (with
2006 4231 2105 4268 one
2126 4232 2186 4269 or
2217 4222 2319 4268 tvo
2355 4216 2677 4281 exceptione)

634 4299 1148 4353 ’artabat-winus.
1667 4299 1754 4350 the
1792 4294 2680 4349 eumofthelineandioeflnal

631 4381 653 4413 ⁴
674 4382 740 4432 In
761 4380 981 4431 allusion
1003 4387 1056 4430 to
1078 4377 1325 4430 Mamaeae
1349 4377 1434 4428 vii.
1470 4382 1546 4428 15.
1666 4378 1877 4444 syllable
1890 4393 1975 4427 are
1991 4375 2165 4428 forced
2178 4382 2233 4427 to
2250 4373 2416 4426 endin
2430 4374 2517 4426 the
2541 4389 2679 4427 same

632 4459 655 4493 ὅ
676 4458 986 4524 &crimina
1008 4459 1062 4510 in
1085 4458 1199 4510 MS.
1665 4463 1829 4509 letter.

632 4539 655 4572 ⁸
676 4538 788 4591 The
827 4538 1038 4603 bulting,
1062 4538 1162 4588 and
1194 4536 1376 4588 indeed
1396 4536 1581 4586 almost
1733 4538 1753 4565 ¹
1778 4533 1981 4600 &qr-ide
2004 4532 2059 4584 in
2081 4533 2195 4584 MS.

564 4618 901 4681 nonnensical,
930 4624 1109 4668 nature
1153 4616 1214 4668 of
1258 4616 1400 4667 these
1433 4614 1579 4674 lines.
1730 4613 1755 4647 ⁸
1769 4612 2077 4680 prophanam
2099 4613 2154 4661 in
2177 4611 2292 4663 MS·

567 4697 768 4765 equally
789 4696 845 4747 in
883 4695 1131 4749 violation
1171 4695 1234 4748 os
1261 4700 1446 4761 syntax
1479 4695 1579 4746 and
1729 4692 1753 4726 ⁹
1772 4692 1857 4746 Sic
1879 4692 1935 4743 ἰιι
1955 4692 2088 4753 MS„
2107 4690 2190 4742 for
2209 4688 2387 4742 altera.
