3467 5717
748 782 834 844 30
1177 791 1585 845 CHRONIGOR
1630 791 1878 842 RERUM
1923 792 2293 844 casulum
2339 793 2417 844 m

405 973 539 1025 ΑΒ·
571 977 715 1023 ¹⁴28·
740 975 990 1062 viginti
1035 996 1244 1040 annos
1288 974 1626 1053 extiterat,
1673 974 1911 1040 mundi
1953 972 2225 1040 fortuna
2267 974 2362 1040 sic
2411 995 2482 1041 se
2531 980 2847 1064 vergente

404 1057 631 1188 ἵζω,
739 1077 917 1163 quod
960 1077 1034 1141 in
1078 1076 1308 1146 eadem
1356 1076 1613 1143 modica
1660 1073 1680 1111 ¹
1707 1076 2083 1142 substantia
2126 1075 2216 1142 ad
2257 1076 2513 1143 victum
2565 1077 2847 1143 fi-atrum

404 1192 505 1240 and
526 1189 596 1239 let
617 1197 672 1238 to
737 1179 971 1244 relicta
1044 1179 1280 1260 fuerat,
1359 1182 1429 1244 et
1503 1178 1832 1244 Dominus
1905 1178 1955 1244 J
1957 1178 2249 1255 ohannes
2330 1165 2845 1262 Wathamstede,

404 1256 639 1372 ssfiff’
739 1281 984 1359 Abbas,
1030 1281 1125 1347 sic
1169 1278 1196 1318 ²
1212 1280 1527 1367 providit,
1572 1285 1651 1347 ut
1694 1281 2003 1348 monachi
2046 1287 2117 1347 et
2160 1280 2337 1348 idem
2391 1281 2581 1348 Prior
2625 1278 2652 1321 ⁸
2666 1304 2844 1349 amo-

405 1388 666 1452 chaplain.
744 1387 1056 1449 verentur
1115 1387 1268 1470 post
1331 1386 1613 1448 mortem
1675 1382 1946 1449 Thomae
2008 1381 2460 1451 Wendovere:
2535 1390 2605 1451 et
2666 1384 2845 1450 idem

741 1485 931 1551 Prior
971 1484 1455 1575 praeficiebatur
1497 1485 1572 1550 in
1616 1484 1996 1550 Prioratum
2042 1486 2124 1552 de
2172 1486 2540 1566 Redborne,
2568 1492 2641 1553 et
2668 1487 2848 1552 dicta

739 1588 904 1654 cella
964 1588 1041 1652 in
1100 1587 1364 1652 firmam
1425 1591 1494 1653 et
1556 1587 1851 1674 regimen
1905 1587 2323 1655 saecularium
2368 1589 2640 1656 dimissa
2697 1588 2847 1667 fuit,

741 1689 1096 1778 Capellano
1140 1689 1391 1755 ibidem
1437 1689 1670 1755 divina
1712 1689 2102 1757 celebrante.

406 1803 656 1854 Brethren
830 1792 1065 1858 Frater
1107 1790 1478 1857 willelmus
1522 1791 1700 1872 Bale,
1732 1796 1805 1858 et
1833 1791 2070 1858 Frater
2098 1792 2382 1858 Thomas
2426 1793 2847 1880 Baldewyne,

405 1868 695 1988 ffiffdffass’·
740 1894 918 1980 apud
982 1893 1234 1960 Gellam
1298 1893 1381 1960 de
1426 1892 1924 1980 Wymundham
1991 1894 2140 1974 rasi,
2201 1894 2475 1980 professi
2533 1895 2716 1961 fuere
2773 1895 2849 1960 in

742 1995 1012 2084 Capella
1054 1994 1359 2077 Abbatis,
1403 1994 1479 2059 in
1525 1994 1782 2082 Vigilia
1825 1996 2055 2062 Sancti
2085 1996 2416 2082 Dionysii,
2445 1996 2612 2063 feria
2640 2003 2847 2065 sexta.

406 2106 712 2184 Inunjiation
742 2099 891 2180 Quo
936 2099 1043 2164 die
1106 2103 1177 2165 et
1221 2097 1514 2165 Sabbato
1577 2098 1813 2184 ingens
1876 2097 2007 2165 fuit
2067 2098 2317 2187 pluviae
2365 2099 2733 2179 inundatio,
2777 2104 2849 2166 et

408 2173 469 2223 ⁰¹⁹
482 2188 603 2224 '⁸¹¹²‘
739 2222 1096 2289 granorum
1139 2199 1434 2265 maxima
1475 2198 1839 2266 suffocatio

408 2310 690 2377 Exehange
830 2302 1235 2370 Duodecimo
1281 2300 1387 2366 die
1431 2298 1755 2380 Octobris,
1793 2301 1902 2367 die
1947 2301 2184 2368 Martis
2227 2303 2301 2368 in
2330 2301 2582 2390 vigilia
2609 2303 2848 2370 Trans·

407 2377 571 2495 ἓξὲξ
584 2445 684 2495 Inn
739 2405 1009 2471 lationis
1074 2403 1305 2472 Sancti
1367 2402 1702 2481 Edwardi‚
1747 2402 2039 2489 sigillata
2098 2403 2232 2471 fuit
2274 2406 2630 2471 conventio
2672 2406 2850 2472 facta

407 2512 479 2574 by
499 2511 586 2560 the
741 2508 920 2573 inter
964 2506 1299 2572 Abbatem
1346 2504 1394 2571 J
1398 2505 1726 2571 ohannem
1773 2503 2280 2572 Wathamstede
2326 2513 2395 2573 et
2426 2507 2847 2574 Conventum

406 2577 706 2704 ’ἓξέξὲῃῗᾶ
743 2608 974 2674 Sancti
1018 2607 1269 2673 Albani
1314 2606 1397 2672 de
1440 2607 1729 2693 hospitio
1775 2606 1858 2674 de
1920 2607 1978 2674 le
2022 2607 2327 2689 θιιαππε,
2374 2631 2579 2696 prope
2637 2609 2850 2695 majus

408 2707 530 2757 with
551 2710 637 2786 ΨΘ
741 2710 947 2775 altare
1022 2708 1252 2775 Sancti
1325 2708 1631 2789 Antonii,
1707 2710 2198 2776 annectendum
2275 2711 2473 2777 dictae
2562 2711 2848 2778 ecclesiae

407 2773 725 2905 ἓξᾝᾏῗιοῃξ
745 2810 981 2877 Sancti
1025 2810 1316 2876 Antonii
1345 2834 1363 2892 ;
1408 2815 1479 2877 et
1525 2809 1850 2897 Magister
1894 2818 1965 2879 et
2008 2810 2248 2878 fratres
2294 2812 2588 2900 ejusdem
2632 2814 2851 2901 hospi-

326 2940 335 2949 ·
406 2907 695 3023 ffioffionb
743 2913 902 2978 talis
948 2911 1304 2998 adquirent
1350 2917 1421 2978 et
1465 2912 1952 2979 confirmabunt
1996 2914 2072 2979 in
2116 2920 2509 3001 perpetuum
2566 2916 2848 2982 ecclesiae

406 3054 583 3089 maner
605 3040 670 3090 of
745 3014 974 3083 Sancti
1047 3014 1315 3095 Albani,
1393 3014 1467 3080 in
1538 3017 2214 3103 recompensationem
2304 3017 2468 3084 dicti
2555 3018 2848 3106 hospitii,

408 3106 692 3171 sqnyleres.
742 3122 967 3183 totum
1030 3117 1399 3182 manerium
1459 3115 1543 3182 de
1596 3116 1969 3204 Squyleres,
2017 3141 2168 3185 cum
2228 3119 2668 3205 pertinentiis,
2714 3141 2851 3185 non

745 3220 1052 3287 obstante
1098 3218 1371 3285 Statuto
1416 3223 1646 3285 contra
1687 3241 1961 3286 manum
2007 3225 2340 3286 mortuam
2385 3221 2581 3288 edito.

407 3320 669 3374 Thunder-
834 3323 963 3389 Die
1008 3322 1217 3388 Lunae
1265 3321 1555 3386 tonitrus
1622 3321 1696 3385 in
1760 3322 1886 3388 Die
1936 3322 2254 3389 Omnium
2301 3321 2716 3403 Sanctorum,
2761 3324 2850 3388 ad

409 3396 607 3519 {2¹¹3
744 3448 948 3492 unum
994 3426 1076 3491 de
1120 3422 1334 3491 cloldce
1377 3428 1527 3511 post
1572 3424 1927 3491 meridiem.

408 3533 687 3599 Baynard’s
837 3526 1225 3594 Combustio
1299 3529 1830 3592 tenementorum
1903 3526 1977 3591 in
2067 3527 2454 3613 Baynardes
2544 3527 2846 3606 Castelle‚

409 3599 637 3714 ffiflgg·
746 3628 1118 3694 Londoniis.

405 3742 721 3794 Han-sturm.
836 3728 967 3795 Die
1011 3728 1058 3795 J
1060 3729 1203 3794 ovis
1247 3732 1407 3793 ante
1454 3727 1726 3795 Festum
1774 3729 2005 3796 Sancti
2050 3730 2394 3813 Leonarffi,
2423 3738 2576 3819 post
2620 3754 2849 3800 secun·

408 3821 693 3938 οΒίὶῖξξξζξξ
747 3833 902 3898 dam
946 3831 1175 3898 horam
1221 3829 1500 3917 prandii,
1548 3830 1684 3896 fuit
1726 3832 1960 3918 pluvia
2003 3855 2152 3898 cum
2197 3835 2536 3920 grandine.

408 3954 472 4004 R.
498 3954 704 4005 οπω-
835 3933 864 3972 ⁴
880 3933 1282 4000 Exoneratio
1313 3932 1568 3997 Fratris
1614 3932 1895 3998 Roberti
1927 3932 2265 4024 Ownesby
2309 3935 2395 4001 ab
2439 3935 2667 4002 officiis
2703 3935 2850 4002 Cel·

403 4021 651 4151 J’gfflffi’e
744 4036 970 4102 lararii
1045 4041 1115 4103 et
1174 4033 1508 4116 Bursarii;
1573 4040 1643 4101 et
1709 4032 1736 4069 ⁶
1754 4035 2244 4103 Convocatione
2319 4060 2470 4105 cum
2533 4039 2856 4126 Episcopo

408 4153 599 4218 Bishop
622 4153 681 4205 of
745 4139 1009 4221 mansit,
1058 4160 1206 4204 cum
1254 4159 1331 4203 eo
1375 4137 1597 4203 adivit
1640 4137 1726 4202 ad
1772 4143 1993 4224 partes
2039 4139 2333 4207 Cestriae.

408 4219 670 4349 ffffifld·
838 4241 1029 4308 Circa
1081 4239 1356 4305 Festum
1416 4239 1645 4304 Sancti
1708 4238 2006 4321 Martini,
2067 4243 2417 4329 temperies
2484 4242 2723 4330 frigida
2779 4248 2851 4311 et

407 4363 546 4416 trost.
724 4341 772 4419 ‚⁰
793 4364 1038 4417 serena,
1082 4361 1232 4406 cum
1275 4339 1516 4427 pruina
1559 4346 1628 4406 et
1671 4340 1880 4428 glacie
1910 4364 1952 4407 a
1981 4342 2179 4409 Festo
2226 4343 2457 4411 Sancti
2500 4345 2843 4413 Leonardi.

1500 4491 1612 4499 ——-.

810 4552 1215 4612 ¹m26ainMs.
1906 4561 2504 4619 ⁴EoehoneratioinMS.

810 4641 833 4675 ²
849 4643 999 4693 More
1020 4640 1284 4706 correctly,
1296 4638 1634 4707 providerunt.
1908 4640 1930 4673 ⁶
1959 4639 2255 4692 convocatio
2276 4642 2329 4693 in
2351 4644 2465 4697 MS.

808 4720 831 4755 ⁸
851 4726 1229 4773 amoverentur
1247 4719 1302 4769 in
1322 4718 1435 4771 MS.
1911 4719 1932 4752 ⁶
1955 4736 2128 4772 coma
2149 4722 2204 4771 in
2225 4721 2339 4775 MS.
