3467 5717
509 1024 646 1075 AJ).
681 1031 818 1074 14:35.
848 1011 882 1040 “

846 1114 884 1141 “
929 1108 1070 1185 bus,
1117 1118 1188 1172 et
1249 1130 1397 1172 eam
1465 1128 1582 1171 seu
1646 1127 1761 1171 eas
1825 1104 2320 1191 quomodolibet
2386 1103 2945 1175 concernentibus,

846 1219 879 1243 “
927 1210 1222 1295 praefatis
1281 1209 1588 1274 Dominis
1646 1208 1901 1273 Abbati
1960 1211 2034 1274 et
2080 1206 2477 1285 Conventui,
2522 1227 2601 1272 ac
2660 1205 2949 1271 Domino

850 1319 885 1346 “
933 1312 1246 1392 HenricO,
1292 1311 1794 1399 principalibus,
1842 1331 1959 1376 seu
2017 1330 2241 1375 eorum
2300 1308 2599 1395 legitimo
2642 1329 2945 1395 procura-

845 1421 880 1449 “
927 1414 1077 1492 tori,
1121 1435 1240 1502 pro
1303 1414 1416 1494 ei3‚
1464 1414 1547 1479 de
1615 1418 1685 1479 et
1754 1434 1951 1499 super
2017 1410 2324 1478 omnibus
2390 1416 2465 1476 et
2529 1409 2808 1496 singulis
2871 1408 2947 1473 in

846 1524 883 1551 “
928 1517 1126 1582 dictis
1171 1516 1416 1581 litteris
1462 1515 1794 1581 contentis
1854 1515 1936 1580 de
1985 1513 2260 1600 justitia
2302 1512 2695 1599 responsuri,
2740 1532 2816 1577 ac
2874 1511 2946 1576 in

849 807 979 868 382
1517 818 1834 867 Annum
1876 815 2294 866 nomentum

926 1005 1445 1091 quibuscunque,
1489 1025 1757 1071 causam
1801 1008 1874 1069 et
1917 1024 2147 1069 causas
2190 999 2572 1087 hujusmodi
2616 999 2950 1086 tangenti-

843 1627 879 1654 “
924 1640 1119 1684 causa
1163 1623 1235 1683 et
1278 1618 1492 1685 causis
1521 1616 1904 1703 hujusmodi
1934 1615 2022 1681 ad
2053 1637 2280 1681 omnes
2323 1620 2396 1681 et
2436 1613 2732 1701 singulos
2759 1618 2947 1679 actus

839 1727 878 1758 “
921 1720 1255 1807 gradatim
1302 1726 1372 1786 et
1430 1719 1807 1795 successive,
1855 1719 2060 1785 etiam
2103 1740 2311 1804 usque
2369 1717 2455 1783 ad
2516 1715 2945 1782 diffinitivam

842 1829 878 1857 “
924 1823 1327 1889 sententiam
1373 1822 1714 1901 inclusive,
1760 1820 2008 1887 debitis
2052 1825 2123 1886 et
2166 1819 2500 1886 consuetis
2531 1817 2833 1886 terminis
2876 1822 2947 1883 et

844 1932 877 1960 “
922 1925 1372 2005 dilationibus,
1439 1924 1869 2012 procedendo,
1914 1928 1995 1989 ut
2062 1922 2264 1987 moris
2309 1926 2429 2000 est,
2472 1921 2833 2008 processuri
2876 1925 2947 1986 et

842 2034 878 2062 “
923 2028 1184 2115 procedi
1253 2026 1278 2066 ¹
1301 2027 1545 2102 visuri3
1622 2026 1916 2112 aliasque
1977 2024 2241 2103 dicturi,
2308 2024 2565 2105 facturi,
2628 2022 2941 2102 audituri,

843 2135 881 2166 “
924 2135 995 2194 et
1024 2129 1365 2215 recepturi,
1411 2128 1586 2214 quod
1618 2127 1889 2213 justitia
1930 2126 2256 2205 suadebit,
2288 2130 2359 2192 et
2402 2125 2560 2191 ordo
2591 2124 2946 2193 dictaverit

842 2240 879 2267 “
921 2232 1215 2297 rationis,
1310 2230 1691 2298 Certificavi
1735 2228 1942 2294 etiam
1987 2228 2249 2294 eosdem
2294 2227 2551 2307 citatos,
2582 2226 2760 2313 quod
2802 2227 2946 2292 sive

841 2340 880 2371 “
923 2334 998 2398 in
1042 2333 1220 2399 dicto
1265 2331 1602 2398 citationis
1654 2330 1957 2407 termino,
2007 2335 2085 2395 ut
2146 2329 2560 2417 praemissum
2605 2333 2727 2411 est,
2770 2349 2947 2394 com-

843 2442 878 2470 “
925 2435 1286 2522 paruerint,
1329 2435 1472 2500 sive
1515 2456 1670 2515 non,
1706 2454 1825 2500 vos
1867 2431 2321 2513 nihilominus,
2348 2431 2460 2498 vel
2502 2429 2949 2519 surrogandus

841 2543 878 2571 “
923 2537 1215 2603 Auditor
1258 2537 1627 2654 praedictus,
1657 2537 1746 2602 ad
1775 2537 1985 2624 partis
2013 2556 2276 2603 causam
2320 2555 2438 2601 seu
2467 2555 2694 2600 causas
2722 2532 2949 2619 hujus-

839 2644 877 2674 “
919 2639 1101 2705 modi
1132 2640 1438 2725 prosequi
1467 2639 1766 2706 curantis
1795 2639 2209 2720 instantiam,
2239 2637 2326 2704 ad
2354 2636 2694 2724 praemissa
2720 2635 2945 2701 omnia

841 2745 877 2774 “
922 2745 991 2806 et
1049 2738 1330 2827 singula,
1376 2761 1454 2806 ac
1513 2740 1700 2822 alias,
1745 2745 1944 2829 prout
1992 2742 2256 2826 justum
2313 2738 2535 2816 fuerit,
2579 2736 2943 2825 procedetis

837 2849 875 2879 “
919 2864 1037 2908 seu
1081 2841 1456 2929 procedet,
1437 2863 1731 2931 1psorum
1780 2843 1874 2910 sic
1917 2844 2273 2911 citatorum
2316 2841 2614 2909 absentia
2640 2861 2755 2906 seu
2784 2861 2943 2905 con-

840 2950 877 2981 “
923 2946 1212 3011 tumacia
1255 2944 1329 3010 in
1371 2945 1593 3031 aliquo
1638 2967 1775 3011 non
1821 2945 2141 3015 obstante.
2232 2945 2526 3032 Insuper,
2568 2947 2715 3031 post
2773 2943 2939 3008 cita—

840 3054 877 3084 “
924 3048 1175 3115 tionem
1206 3047 1607 3135 hujusmodi,
1639 3053 1719 3115 ut
1748 3049 2112 3136 praefertur,
2143 3069 2261 3136 per
2302 3069 2412 3115 me
2439 3047 2681 3113 factam
2709 3044 2943 3112 eodem

843 3155 880 3185 “
926 3150 1036 3216 die
1066 3150 1360 3236 praefatis
1393 3151 1677 3218 Ricardo
1723 3156 1793 3217 et
1821 3152 2015 3218 uxori
2060 3174 2218 3232 suae,
2249 3173 2368 3239 pro
2396 3156 2586 3239 parte
2616 3148 2941 3215 dictorum

842 3258 878 3288 “
922 3251 1360 3319 Dominorum
1403 3253 1690 3319 Abbatis
1733 3258 1806 3319 et
1849 3253 2250 3332 conventus,
2292 3273 2371 3319 ac
2414 3251 2709 3330 Henrici,
2762 3251 2946 3338 prin-

838 3362 875 3390 “
922 3354 1194 3442 palium,
1271 3355 1628 3443 vigoreque
1707 3355 2036 3423 dictarum
2092 3356 2491 3436 litterarum,
2568 3352 2940 3440 requisitus,

840 3566 874 3593 «
911 3461 1118 3625 {233
1159 3457 2741 3648 {mgisffsffizussffffl,mm
2784 3478 2946 3645 3²53„

840 3664 877 3694 “
924 3659 1220 3740 RicardO,
1253 3666 1324 3728 et
1369 3664 1655 3729 consorti
1687 3683 1840 3742 suae,
1872 3663 2090 3752 palam
2120 3662 2412 3742 exhibui,
2444 3668 2515 3730 et
2545 3661 2797 3749 copiam
2829 3661 2946 3726 ob·

839 3769 871 3796 “
920 3761 1048 3827 tuli
1094 3763 1469 3833 earundem.
1546 3764 1639 3831 Et
1684 3766 1781 3832 sic
1822 3766 2085 3832 litteras
2112 3771 2385 3847 vestras,
2417 3765 2670 3830 'immo
2698 3763 2939 3841 verius,

838 3868 877 3898 “
922 3862 1359 3951 Apostolicas,
1408 3865 1483 3931 in
1541 3867 1853 3937 omnibus
1906 3874 1975 3935 et
2021 3890 2139 3955 per
2198 3868 2440 3949 omnia,
2493 3871 2694 3954 prout
2750 3873 2947 3933 tenor

836 3969 873 4001 “
918 3972 990 4032 et
1060 3967 1333 4034 effectus
1393 3970 1748 4036 earundem
1815 3970 1898 4037 de
1965 3992 2035 4037 se
2093 3969 2378 4058 exigunt
2444 3974 2516 4036 et
2571 3969 2938 4055 requirunt,

837 4073 875 4104 “
918 4068 1264 4138 humiliter
1319 4092 1468 4138 sum
1527 4078 1861 4143 executus.
1983 4073 2069 4137 In
2115 4069 2142 4110 ³
2161 4093 2439 4159 quorum
2516 4072 2813 4137 omnium
2870 4077 2944 4137 et

840 4176 876 4207 “
919 4172 1334 4259 singulorum
1377 4174 1596 4256 fidem,
1629 4180 1699 4242 et
1748 4174 2207 4243 testimonium
2236 4173 2744 4262 praemissorum,
2776 4195 2945 4260 prae-

838 4279 877 4309 “
921 4295 1069 4340 sens
1118 4275 1456 4362 publicum
1507 4278 2051 4358 instrumentum,
2081 4276 2460 4364 hujusmodi
2506 4276 2842 4343 citationis
2870 4281 2942 4342 et

838 4382 873 4411 “
918 4376 1340 4444 inhibitionis
1400 4380 1855 4447 executionem
1924 4379 2066 4448 sive
2139 4379 2681 4447 certificationem
2739 4379 2814 4444 in
2870 4400 2944 4444 se

907 4647 922 4679 ¹
947 4650 1102 4699 vietur-t
1128 4650 1181 4699 in
1207 4649 1318 4701 MS.
2007 4652 2029 4685 ³
2050 4652 2306 4719 Repented
2326 4652 2381 4703 in
2402 4648 2519 4704 MS.

905 4725 926 4757 ²
945 4742 1053 4787 ymo
1079 4727 1131 4776 in
1156 4727 1270 4778 MS.
