3467 5717
1356 823 1594 876 sAnc'n
1641 823 1918 877 Anum.
2553 813 2682 877 193

580 1009 616 1039 ‘⁸
659 1013 808 1092 post
840 1008 1333 1096 Conquaestum,
1355 1020 1652 1102 tempore
1682 1012 2184 1080 insurrectionis
2213 1011 2679 1093 communium,
2706 1010 2845 1065 AD·
2874 1016 3020 1063 ¹⁴2⁴·

578 1109 621 1139 “
660 1115 891 1176 contra
937 1111 1116 1198 leges
1163 1114 1352 1202 regni
1399 1121 1471 1181 et
1518 1116 1763 1181 bonam
1810 1116 2011 1181 fidem
2060 1114 2274 1195 factae,
2323 1118 2679 1193 cassentur,

577 1211 617 1242 “
659 1207 1024 1294 irritentur,
1055 1236 1132 1280 ac
1160 1237 1281 1303 pro
1328 1217 1531 1281 nullis
1578 1217 1850 1282 omnino
1882 1215 2299 1296 habeantur3
2350 1238 2427 1282 ac
2456 1216 2676 1297 etiam,

577 1313 612 1344 ‘⁸
657 1314 835 1398 quod
882 1314 1011 1401 ipsi
1059 1317 1176 1401 qui
1222 1316 1600 1402 hujusmodi
1631 1319 2196 1399 manumissioneS,
2231 1317 2681 1405 obligationes,

576 1416 613 1446 “
657 1433 773 1479 seu
801 1417 1262 1497 relaxationes,
1292 1424 1361 1484 et
1389 1420 1522 1484 alia
1548 1419 1795 1507 scripta
1822 1420 1919 1486 sic
1945 1442 2066 1507 per
2117 1420 2435 1485 duritiam
2488 1419 2682 1500 facta,

579 1518 618 1548 “
663 1514 959 1585 fecerunt
1017 1520 1179 1598 fieri,
1230 1520 1337 1586 vel
1397 1520 1614 1587 adhuc
1672 1521 1994 1599 detinent,
2042 1520 2403 1587 mittantur
2461 1542 2681 1587 coram

582 1622 620 1650 “
665 1616 955 1686 Domino
1005 1620 1184 1708 Rege
1232 1627 1303 1687 et
1348 1620 1638 1688 Consilio
1685 1643 1824 1704 δυο,
1853 1622 1942 1688 ad
1997 1621 2241 1689 ibidem
2286 1622 2683 1709 responden-

581 1725 618 1754 “
662 1719 822 1785 dum
883 1722 963 1788 de
1021 1744 1098 1788 eo
1143 1723 1317 1809 quod
1370 1724 1442 1787 in
1502 1724 1857 1811 praemissis
1901 1724 2218 1805 fecerint;
2262 1730 2332 1790 et
2395 1723 2679 1790 ulterius

579 1825 617 1855 “
659 1822 1136 1909 compellantur
1184 1824 1269 1889 ad
1300 1824 1673 1891 faciendum
1721 1824 2268 1892 deliberationem
2313 1829 2383 1891 et
2413 1825 2683 1891 restitu-

574 1929 611 1958 “
654 1923 904 1990 tionem
956 1925 1352 2013 scriptorum
1405 1927 1875 2014 praedictorum
1925 1927 2090 2015 ipsis
2137 1926 2257 2012 qui
2303 1925 2682 2012 hujusmodi

574 2030 612 2059 “
653 2024 901 2112 scripta
945 2034 1177 2093 contra
1204 2028 1623 2093 voluntatem
1673 2048 1863 2093 suam
1892 2027 2233 2106 fecerunt;
2285 2048 2434 2092 cum
2481 2028 2685 2113 copiis

577 2130 613 2159 “
658 2127 1034 2206 eorundem,
1066 2130 1125 2193 si
1170 2129 1430 2216 aliquas
1479 2128 1637 2194 inde
1684 2128 1980 2210 fecerint,
2012 2129 2097 2193 ad
2137 2128 2306 2194 alias
2333 2129 2681 2208 utendum,

578 2234 616 2263 “
659 2248 774 2293 seu
835 2250 1064 2295 eorum
1125 2229 1397 2296 effectus
1463 2230 1938 2298 renovandum.
2060 2230 2152 2296 Et
2210 2231 2414 2296 simili
2486 2231 2685 2297 modo

577 2334 615 2365 “
660 2329 1126 2396 concordatum
1173 2334 1290 2412 eet,
1338 2332 1516 2417 quod
1560 2329 1923 2395 omnimodi
1970 2330 2304 2418 ingressus
2341 2331 2417 2397 in
2475 2337 2685 2398 terras

571 2435 612 2465 “
656 2436 726 2496 et
754 2437 1154 2510 tenementa,
1205 2453 1284 2498 ac
1335 2432 1538 2498 etiam
1580 2452 1985 2518 quaecunque
2021 2431 2463 2513 feoffamenta,
2516 2437 2681 2498 tem-

575 2539 610 2566 “
652 2554 809 2618 pore
860 2533 1059 2600 dictae
1102 2533 1617 2611 insufflationis,
1664 2555 1784 2620 per
1827 2532 2360 2621 compulsionem,
2412 2533 2680 2599 commi-

575 2640 610 2670 “
651 2634 1007 2712 nationem,
1039 2655 1154 2700 eeu
1207 2634 1342 2699 alio
1392 2633 1592 2700 modo
1646 2655 2040 2720 quocunque
2084 2655 2202 2720 per
2255 2635 2395 2700 vim
2444 2639 2679 2700 contra

575 2740 612 2771 “
656 2735 886 2822 legem,
929 2736 1126 2815 facta,
1153 2740 1512 2817 cassentur,
1559 2756 1637 2801 ac
1679 2757 1802 2823 pro
1847 2735 2051 2801 nullis
2098 2735 2491 2804 habeantur.
2581 2736 2676 2802 Et

576 2843 613 2873 “
656 2835 982 2903 Dominus
1030 2838 1175 2905 Rex
1221 2837 1532 2925 prohibet
1569 2837 2072 2924 quibuscunque
2113 2836 2304 2925 ligeis
2346 2839 2503 2919 suia,
2550 2837 2678 2904 sub

577 2943 613 2972 “
657 2959 855 3025 poena
901 2939 983 3005 de
1021 2940 1205 3006 omni
1235 2961 1312 3005 eo
1343 2939 1522 3026 quod
1549 2960 1707 3026 erga
1735 2960 1891 3005 eum
1917 2938 2290 3005 forisfacere
2341 2944 2678 3026 poterunt,

575 3045 616 3075 “
658 3041 836 3125 quod
891 3041 1116 3106 nullus
1188 3040 1426 3106 amodo
1485 3039 1687 3106 faciat
1761 3061 1878 3106 seu
1936 3039 2215 3127 incipiat
2289 3061 2678 3125 quocunque

574 3147 610 3175 “
654 3140 850 3207 modo
893 3142 1095 3208 talem
1145 3141 1686 3209 insurrectionem
1735 3146 1857 3207 aut
1908 3163 2257 3222 rumorem,
2289 3162 2412 3207 nec
2452 3142 2678 3229 aliqua

574 3250 614 3277 “
659 3242 1065 3323 consimilia3
1122 3249 1192 3311 et
1242 3245 1302 3309 si
1352 3244 1593 3330 aliquis
1653 3243 1901 3324 fecerit,
1952 3249 2023 3310 et
2072 3242 2196 3308 hoc
2243 3242 2466 3308 debite
2527 3266 2678 3330 pro-

573 3347 611 3379 “
655 3344 891 3409 batum
936 3344 1159 3425 fuerit,
1205 3346 1324 3411 fiat
1386 3347 1468 3412 de
1529 3345 1674 3432 ipso
1737 3351 1819 3412 ut
1884 3343 1966 3409 de
2028 3343 2362 3430 proditore
2407 3343 2677 3409 Domini

575 3451 613 3479 “
659 3446 878 3533 Regis,
909 3452 979 3513 et
1021 3447 1208 3534 regni
1251 3446 1368 3512 sui.
1462 3445 1815 3524 Similiter,
1836 3444 2166 3510 Dominus
2198 3444 2345 3510 Rex
2371 3445 2679 3533 prohibet

571 3555 610 3585 “
652 3552 722 3614 et
764 3549 1065 3616 defendit
1109 3548 1289 3634 quod
1332 3547 1560 3613 nullus
1588 3547 2000 3635 temporibus
2030 3546 2282 3612 futuris
2325 3546 2527 3613 faciat
2554 3548 2677 3612 ali-

574 3655 612 3687 “
657 3671 853 3735 quem
896 3650 1263 3738 ingressum
1307 3650 1383 3715 in
1424 3649 1649 3736 aliqua
1690 3656 1900 3715 terras
1942 3669 2060 3714 eeu
2105 3653 2499 3727 tenementa,
2545 3648 2677 3714 nisi

573 3757 609 3787 ‘⁸
654 3756 920 3817 tantum
986 3753 1060 3817 in
1121 3774 1273 3818 casu
1335 3772 1466 3838 quo
1511 3750 1652 3836 ejus
1696 3751 2027 3837 ingressus
2069 3749 2274 3816 fuerit
2334 3750 2675 3837 legitimus

570 3857 610 3888 “
653 3873 772 3938 per
816 3852 1025 3940 legem
1070 3852 1378 3939 Angliae3
1423 3858 1494 3918 et
1537 3852 1675 3930 hoc,
1725 3872 1862 3918 non
1891 3872 2096 3917 manu
2141 3850 2321 3934 forti,
2367 3852 2474 3919 vel
2519 3873 2669 3918 cum

575 3960 608 3990 “
652 3952 1086 4021 multitudine
1121 3954 1452 4040 gentium,
1498 3952 1520 3991 ¹
1543 3955 1658 4019 sed
1704 3953 2116 4019 solummodo
2163 3953 2358 4018 modo
2404 3953 2672 4039 pacifico

570 4061 606 4092 “
655 4060 724 4121 et
767 4055 1010 4141 quiete.
1097 4055 1189 4121 Et
1234 4055 1294 4121 si
1338 4056 1575 4141 aliquis
1609 4055 1848 4121 amodo
1878 4053 2282 4119 contrarium
2327 4051 2570 4133 feeerit,
2603 4057 2673 4118 et

575 4162 612 4193 “
655 4156 811 4223 inde
855 4156 1198 4223 convictus
1240 4156 1464 4234 fuerit,
1492 4156 1715 4223 debite
1754 4154 2083 4242 puniatur
2123 4175 2242 4240 per
2284 4153 2671 4241 imprisona-

572 4262 613 4294 “
657 4264 958 4324 mentum
1001 4258 1290 4347 eorporis
1332 4259 1456 4338 sui,
1487 4263 1557 4325 et
1584 4258 1672 4324 ad
1716 4257 2134 4323 voluntatem
2166 4255 2440 4323 Domini
2471 4256 2672 4344 Regis

573 4365 611 4396 “
653 4359 1066 4427 redimatur.”

1401 4650 1417 4683 ¹
1441 4657 1514 4702 eet
1532 4650 1588 4701 in
1609 4648 1724 4701 MS.
