3467 5717
812 796 942 861 346
1473 803 1787 857 ANNALES
1830 803 2258 856 uomsmm1

474 985 782 1037 A.D.1433.
812 1001 846 1034 “
881 998 997 1086 jus
1030 995 1365 1065 ¹exeroere
1395 1001 1847 1086 praesumant3
1893 996 2057 1063 ‘sed
2095 998 2321 1065 omnia
2347 1018 2757 1087 quaecunque
2797 1001 2923 1066 Ec-

810 1109 849 1138 “
892 1102 1105 1169 clesiae
1174 1101 1407 1168 Sancti
1473 1101 1741 1180 fuerint,
1806 1100 2095 1168 Abbatis
2163 1101 2579 1168 solummodo
2624 1103 2917 1189 ejusdem

814 1211 850 1241 “
895 1205 1283 1271 monasterii
1326 1204 1647 1291 potestati
1692 1203 2047 1270 tractanda
2090 1203 2294 1270 libere
2323 1204 2725 1292 subjaceant.
2814 1205 2921 1271 De

811 1315 845 1343 ‘⁴
891 1329 1091 1373 censu
1133 1327 1396 1393 quoque
1450 1306 1732 1393 singulis
1777 1307 1971 1372 annis
2030 1328 2148 1393 per
2206 1306 2588 1373 universam
2649 1306 2919 1373 Britan-

813 1417 847 1447 “
892 1409 1076 1475 niam
1106 1407 1494 1497 colligendO,
1528 1413 1598 1474 et
1627 1407 1894 1475 Sanctae
1922 1408 2240 1475 Romanae
2271 1408 2598 1491 Ecclesiae,
2631 1432 2750 1497 pro
2782 1417 2917 1476 sta-

809 1519 847 1548 “
890 1512 1158 1578 bilitate
1187 1511 1376 1598 regni
1406 1510 1636 1590 nostri,
1668 1515 1739 1576 et
1767 1511 1983 1576 salute
2012 1512 2347 1577 communi
2375 1513 2919 1594 transmittenda,

808 1623 843 1650 “
888 1614 1300 1681 decernimus
1345 1617 1427 1678 ut
1473 1617 1800 1699 quantum
1859 1613 1933 1678 in
1992 1618 2173 1678 terra
2239 1612 2470 1680 Sancti
2538 1611 2567 1653 ³
2587 1615 2915 1701 Martyris

802 1723 842 1753 “
885 1717 1283 1803 provenerit,
1330 1714 1416 1779 ab
1475 1713 1606 1780 hiis
1668 1714 1915 1800 quibus
1972 1715 2350 1801 injunctum
2395 1716 2599 1783 fuerit
2645 1718 2731 1783 ab
2776 1719 2916 1783 Ab-

805 1827 840 1855 “
885 1818 1059 1899 bate,
1106 1818 1544 1903 undecunque
1604 1816 1970 1898 collectum,
2026 1817 2407 1883 nullatenus
2466 1819 2632 1885 alias
2692 1842 2912 1906 aspor-

804 1927 839 1957 “
885 1926 1089 2000 tetur,
1134 1919 1160 1959 ²
1176 1920 1293 1987 sed
1345 1919 1545 1986 altari
1588 1918 1785 1985 Beati
1828 1919 2080 1986 Albani
2121 1919 2412 1986 fideliter
2454 1921 2774 2002 oblatum,
2824 1924 2911 1988 ad

806 2033 843 2060 “
887 2023 1253 2091 utilitatem
1312 2022 1606 2108 ejusdem
1664 2021 1969 2101 ecclesiae,
2026 2023 2385 2089 secundum
2446 2024 2625 2110 quod
2685 2023 2914 2091 Abbas

804 2135 843 2163 “
886 2125 1268 2206 decreverit,
1300 2124 1783 2191 inviolabiliter
1810 2126 2242 2212 expendatur.
2332 2125 2426 2191 Et
2470 2126 2529 2191 si
2558 2126 2729 2193 forte
2761 2128 2912 2213 quis

806 2235 843 2266 “
888 2228 917 2268 4
937 2227 1169 2316 [infra]
1216 2226 1514 2313 ejusdem
1557 2226 1844 2295 eccleffiae
1886 2232 2305 2315 potestatem,
2351 2233 2471 2294 aut
2515 2234 2724 2310 extra,
2758 2252 2908 2295 cum

804 2337 842 2368 “
887 2331 1211 2419 Episcopo
1285 2350 1403 2395 seu
1468 2328 1735 2395 Abbate
1803 2329 2172 2396 communis
2236 2330 2641 2411 inveniatur,
2714 2332 2905 2413 bello,

805 2440 842 2469 “
886 2434 1083 2512 farte,
1131 2434 1243 2499 vel
1284 2432 1741 2511 fornicatione,
1788 2432 1909 2499 aut
1952 2433 2084 2499 alio
2129 2433 2427 2520 quolibet
2468 2433 2672 2498 simili
2718 2441 2907 2500 reatu

802 2545 837 2573 “
882 2536 1207 2615 astrictuS,
1236 2557 1495 2623 semper
1538 2557 1616 2602 ea
1657 2557 1810 2623 pars
1848 2557 2067 2622 poenae
2112 2540 2182 2602 et
2224 2535 2726 2615 emendationis„
2758 2559 2909 2623 quae

802 2647 840 2676 “
885 2636 1108 2725 ⁵Regi,
1140 2637 1482 2725 Episcopo,
1514 2637 1781 2717 Comiti,
1810 2638 2109 2717 debetur,
2141 2639 2227 2703 ad
2256 2638 2449 2704 Beati
2482 2638 2728 2704 Albani
2765 2640 2910 2705 Mo-

799 2749 834 2777 “
877 2740 1245 2807 nasterium
1294 2738 1617 2805 inviolato
1670 2762 1935 2828 semper
1977 2740 2225 2808 foedere
2269 2740 2604 2807 reddatur.
2695 2740 2909 2807 Credo

800 2849 840 2880 “
885 2842 1081 2923 enim,
1143 2846 1214 2908 et
1273 2841 1600 2907 veraciter
1665 2843 1940 2923 confido,
2004 2843 2181 2930 quod
2251 2843 2392 2910 haec
2450 2843 2909 2911 munificentia

803 2952 837 2982 “
882 2967 1020 3012 non
1058 2945 1270 3011 solum
1288 2942 1316 2983 ⁶
1333 2944 1500 3009 mihi
1530 2944 1841 3032 meisque,
1872 2943 2028 3011 ⁵'sed
2057 2946 2261 3012 etiam
2290 2944 2621 3012 universis
2654 2945 2908 3033 Anglo-

802 3055 838 3084 “
883 3070 1033 3114 rum
1064 3047 1340 3137 populis,
1372 3047 1748 3113 sublimiter
1776 3044 1802 3090 ⁷
1817 3046 2111 3135 profert3
2153 3047 2312 3134 quia
2339 3068 2459 3133 pro
2490 3047 2655 3135 Ejus
2684 3068 2906 3114 amore

803 3159 839 3189 “
885 3152 998 3219 ille
1028 3150 1215 3217 miles
1244 3150 1615 3238 intrepidus
1645 3151 1893 3217 meruit
1924 3151 2238 3229 coronari,
2269 3150 2387 3236 qui
2416 3150 2626 3217 totius
2670 3150 2905 3216 mundi

799 3262 835 3290 “
880 3254 1173 3342 pericula
1199 3274 1431 3341 passus
1462 3257 1563 3321 est
1608 3274 1727 3319 suo
1774 3253 2099 3341 sanguine
2128 3254 2413 3340 expiare.
2505 3251 2531 3292 ⁸
2551 3253 2630 3321 Si
2660 3256 2906 3331 autem,

801 3364 837 3394 “
883 3357 1062 3444 quod
1137 3357 1332 3437 absit,
1409 3355 1685 3443 uspiam,
1762 3354 2084 3422 larvarico
2166 3358 2494 3421 attractus
2558 3354 2906 3435 instinctu,

798 3469 832 3497 “
877 3464 1100 3527 mente
1145 3458 1425 3526 subdola
1452 3458 1578 3524 hoc
1621 3457 2044 3523 machinatus
2071 3458 2273 3523 fuerit
2316 3456 2679 3536 annullare,
2709 3458 2904 3544 quip-

798 3569 837 3600 “
882 3563 1061 3649 piam
1120 3562 1194 3626 in
1253 3561 1355 3649 pegi
1364 3582 1439 3626 us
1500 3582 1697 3648 quam
1746 3560 2215 3627 constituimus
2273 3564 2736 3640 transvertere,
2782 3582 2905 3626 sua

794 3673 829 3700 “
875 3686 995 3750 pro
1057 3662 1352 3741 audacia,
1397 3686 1441 3728 a
1508 3667 1690 3729 coetu
1757 3663 1831 3728 in
1894 3663 2022 3729 hac
2085 3663 2234 3728 vita
2297 3663 2903 3728 anathematizatur

796 3771 832 3802 “
876 3764 1189 3844 fidelium,
1251 3769 1321 3829 et
1386 3764 1461 3829 in
1527 3765 1878 3831 tremendo
1941 3764 2072 3830 Dei
2137 3764 2463 3845 examine,
2523 3765 2902 3830 astantibus

793 3876 828 3904 “
875 3869 1189 3934 coelorum
1254 3865 1631 3954 agminibus
1695 3866 2172 3954 hominumque
2234 3866 2493 3948 turmis,
2564 3887 2771 3933 necne
2830 3872 2902 3932 et

794 3976 828 4006 “
874 3969 1222 4037 horrendis
1249 3967 1276 4008 ⁹
1295 3968 1495 4036 Erebi
1541 3968 1858 4051 vernulis,
1889 3968 2111 4057 palam
2156 3967 2430 4050 cunctis,
2474 3965 2529 4007 ¹⁰
2545 3967 2900 4033 damnetur

859 4276 876 4310 ¹
900 4293 1148 4327 excercere
1172 4275 1221 4326 in
1243 4276 1356 4327 MS.
1958 4276 1979 4309 ⁶
2002 4275 2148 4325 michi
2170 4277 2221 4325 in
2246 4276 2358 4327 MS.

857 4357 881 4389 ‘2
900 4363 972 4406 set
996 4357 1045 4406 in
1072 4355 1186 4407 MS.
1953 4355 1975 4393 ⁷
1993 4356 2225 4420 proficiet
2248 4355 2304 4404 in
2326 4355 2413 4405 the
2436 4353 2773 4406 Monosticon.

857 4438 879 4471 ³
901 4437 1140 4489 Mar-titis
1162 4435 1215 4485 in
1238 4434 1352 4486 MS.
1955 4433 1978 4466 ⁸
2001 4433 2114 4485 The
2170 4441 2380 4486 context
2431 4433 2563 4485 from
2610 4434 2711 4485 this
2757 4436 2899 4484 word

859 4518 877 4548 ⁴
901 4517 1125 4569 Omitted
1146 4515 1198 4565 in
1220 4514 1335 4565 MS.
1357 4535 1371 4575 ς
1405 4512 1634 4579 supplied
1668 4511 1801 4563 from
1889 4514 2039 4564 down
2062 4520 2117 4563 to
2138 4515 2172 4542 “
2190 4513 2427 4578 condique
2459 4513 2782 4563 mendavere't
2798 4515 2831 4539 ”
2855 4513 2898 4563 is

791 4598 878 4648 the
901 4605 1011 4647 text
1033 4596 1085 4645 in
1109 4596 1196 4645 the
1218 4593 1552 4643 Mona-sticum
1891 4592 2120 4657 wanting
2143 4591 2195 4642 iu
2218 4592 2306 4643 the
2330 4591 2663 4643 Monasticon.

858 4676 879 4706 ⁵
896 4674 1026 4736 ,Περὶ
1040 4671 1114 4721 vel
1133 4671 1388 4737 Episcopo
1405 4668 1623 4733 debetur,
1646 4671 1699 4722 in
1717 4672 1802 4722 the
1845 4700 1849 4729 ρ
1957 4672 1979 4704 ⁰
2010 4670 2200 4723 Herebi
2218 4671 2270 4722 in
2292 4672 2407 4723 MS.

793 4750 1128 4800 Monasticon.
1845 4746 1849 4767 ¹
1957 4749 1998 4782 ¹⁰
2019 4749 2309 4809 dampnetur
2331 4749 2385 4800 in
2410 4749 2523 4801 MS.
