3467 5717
1360 805 1607 858 smel-1
1651 804 1923 858 main.
2563 788 2696 862 28⁷

595 1003 635 1033 ‘⁴
682 996 1000 1084 Horpolle
1089 993 1490 1073 constitutiS,
1581 994 2129 1081 qualitercunque
2219 994 2693 1082 provenientes,
2723 1013 3035 1071 unusne.

595 1104 632 1134 ‘⁴
676 1104 817 1164 tam
892 1098 975 1164 de
1027 1097 1181 1184 jure
1243 1117 1436 1183 quam
1500 1096 1729 1184 vigore
1793 1096 2186 1175 donationis,
2255 1098 2696 1176 concessionis,

595 1206 630 1236 ‘⁴
675 1206 746 1265 et
776 1199 1317 1279 confirmationis,
1347 1199 1834 1285 praedictarum,
1866 1220 2065 1284 quam
2111 1199 2192 1264 de
2236 1201 2700 1267 consuetudine

590 1307 630 1340 ‘⁸
673 1301 994 1368 laudabili
1054 1307 1126 1367 et
1183 1300 1464 1386 antiqua
1522 1301 1843 1365 hactenus
1895 1300 2162 1387 pacifice
2213 1308 2285 1367 et
2328 1303 2702 1369 inconcusse

596 1410 634 1441 “
677 1403 946 1481 usitata,
993 1404 1287 1482 obtenta,
1335 1407 1402 1468 et
1447 1401 1741 1488 legitime
1786 1402 2181 1489 praescripta,
2215 1425 2292 1468 ac
2320 1426 2362 1469 a
2389 1409 2701 1491 tempore,

597 1510 635 1541 “
680 1508 750 1572 et
820 1527 938 1592 per
1012 1511 1270 1589 tempus
1343 1502 1444 1587 cuj
1456 1525 1527 1568 us
1594 1503 1911 1568 contrarii
1975 1505 2290 1569 memoria
2357 1506 2701 1570 hominum

601 1613 638 1642 “
682 1629 814 1672 non
879 1605 1129 1682 existit,
1188 1605 1440 1670 usitata
1498 1607 1567 1669 et
1629 1604 1996 1683 observata,
2071 1605 2160 1669 ad
2231 1605 2564 1672 Abbatem
2633 1613 2703 1672 et

600 1712 639 1745 “
685 1707 1103 1775 Conventum
1163 1706 1325 1772 dicti
1392 1705 1774 1772 monasterii
1850 1726 2268 1794 quoscunque
2343 1729 2460 1796 pro
2536 1714 2705 1775 tem·

601 1817 639 1845 ‘⁴
684 1830 837 1896 pore
896 1808 1270 1887 existentes,
1334 1828 1691 1894 eorumque
1760 1808 2229 1874 monasterium
2295 1810 2705 1896 praedictum,

605 1918 640 1947 “
684 1910 1029 1999 pertinuit,
1094 1910 1406 1997 pertinet,
1471 1916 1540 1976 et
1602 1910 1931 1995 pertinere
1992 1910 2190 1976 debet
2248 1910 2322 1975 in
2366 1910 2707 1993 futurum3

602 2019 639 2049 “
682 2013 1081 2098 fueruntque
1135 2012 1368 2077 Abbas
1421 2016 1491 2077 et
1546 2010 1933 2077 Conventus
1979 2012 2365 2078 monasterii
2408 2014 2709 2101 praedicti

603 2122 639 2152 ‘⁶
685 2116 1011 2181 dictorum
1052 2113 1337 2179 Abbatis
1383 2120 1453 2179 et
1501 2113 1904 2193 ConventuS,
1950 2115 2063 2199 qui
2108 2136 2287 2181 nunc
2321 2120 2495 2194 sunt,
2541 2138 2710 2203 prae·

603 2223 640 2253 “
685 2238 966 2283 cessores
1040 2221 1112 2281 et
1184 2216 1684 2302 praedecessores
1759 2236 1981 2281 omnes
2050 2219 2119 2281 et
2180 2217 2425 2304 singuli
2485 2238 2710 2284 eorum

605 2324 644 2354 “
691 2318 1098 2405 temporibus
1141 2318 1564 2396 successivis;
1605 2338 1683 2382 ac
1728 2315 1932 2382 iidem
1968 2317 2196 2383 Abbss
2227 2324 2296 2384 et
2328 2318 2711 2387 Conventus

605 2427 641 2457 “
686 2421 980 2507 ejusdem
1011 2419 1410 2499 monasterii,
1436 2419 1550 2506 qui
1572 2440 1753 2485 nunc
1781 2424 1956 2499 sunt,
1980 2419 2253 2486 fuerunt
2269 2427 2564 2510 tempore
2592 2445 2710 2488 suo

606 2527 643 2559 “
688 2524 762 2587 in
806 2522 1215 2609 possessione
1249 2520 1442 2607 juris,
1475 2542 1591 2587 seu
1628 2522 1839 2608 quasi,
1871 2523 2085 2588 dictas
2127 2524 2294 2589 duas
2341 2528 2556 2611 partes
2600 2526 2710 2592 de-

605 2629 641 2659 “
686 2623 1001 2689 cimarum
1032 2623 1500 2710 praedictarum
1531 2622 1939 2709 percipiendi
1967 2628 2039 2690 et
2069 2623 2373 2707 habendi,
2397 2648 2439 2690 a
2468 2627 2707 2706 decem,

604 2732 641 2761 “
684 2724 947 2814 viginti,
993 2724 1293 2811 triginta,
1358 2723 1814 2811 quadraginta,
1858 2724 2360 2813 quinquaginta,
2407 2730 2478 2792 et
2520 2749 2708 2793 sexa·

607 2835 645 2864 ‘⁴
688 2829 882 2915 ginta
924 2825 1134 2904 annis,
1182 2847 1257 2891 ac
1301 2826 1483 2891 ultra
1527 2832 1596 2893 et
1641 2825 1856 2908 citra3
1915 2848 2171 2894 necnon
2215 2850 2258 2893 a
2300 2833 2597 2916 tempore
2641 2835 2712 2896 et

605 2936 642 2966 ‘⁸
687 2952 803 3016 per
846 2934 1108 3016 tempus
1178 2926 1363 3012 cujus
1421 2926 1737 2993 contrarii
1798 2930 2113 2994 memoria
2175 2929 2516 2997 hominum
2577 2954 2711 2999 non

608 3037 645 3067 “
692 3032 967 3111 existit-3
1010 3052 1249 3117 easque
1294 3051 1413 3117 per
1458 3051 1527 3094 se
1570 3034 1640 3094 et
1684 3050 1837 3095 suos
1877 3035 2307 3117 perceperunt
2352 3037 2423 3098 et
2465 3034 2712 3100 habue-

610 3141 646 3170 “
691 3138 867 3213 runt,
900 3155 977 3199 ac
1007 3133 1088 3198 de
1120 3137 1189 3199 et
1218 3154 1339 3218 pro
1369 3131 1616 3196 eisdem
1647 3131 2115 3225 disposuerunt
2151 3133 2304 3219 jure
2349 3140 2419 3201 et
2447 3137 2713 3202 nomine

610 3242 646 3272 “
694 3236 855 3301 dicti
900 3233 1321 3314 monasterii3
1367 3233 1587 3318 sicque
1632 3234 1947 3320 percepit,
1977 3232 2233 3314 habuit,
2266 3240 2338 3301 et
2370 3236 2714 3323 disposuit,

608 3343 646 3373 “
693 3358 916 3402 eorum
979 3335 1261 3422 quilibet
1303 3334 1572 3421 pacifice
1624 3340 1693 3399 et
1755 3335 1997 3421 quiete,
2059 3357 2263 3422 usque
2324 3338 2409 3402 ad
2454 3344 2716 3425 tempus

611 3445 647 3474 “
690 3438 1153 3525 gravaminum
1199 3436 1730 3524 subscriptorum,
1788 3435 2174 3502 Rectoribus
2216 3438 2714 3527 quibuscunque

612 3547 648 3575 “
694 3540 893 3606 dictae
938 3539 1225 3605 ecclesiae
1258 3538 1340 3603 de
1380 3536 1720 3624 Horpolle,
1750 3559 1870 3625 pro
1909 3543 2206 3626 tempore
2252 3542 2711 3626 existentibus,

614 3648 651 3677 “
696 3642 1035 3729 praemissa
1087 3640 1312 3705 omnia
1355 3646 1426 3706 et
1469 3641 1727 3726 singula
1787 3640 2163 3723 scientibus,
2211 3641 2235 3680 ¹
2259 3643 2711 3728 tolerantibus,

615 3750 652 3779 “
698 3747 769 3809 et
812 3742 1057 3809 eisdem
1101 3741 1128 3780 2
1149 3741 1732 3822 consentientibuS,
1802 3763 2007 3828 eaque
2074 3745 2598 3833 approbantibus
2644 3754 2717 3814 et

615 3852 653 3881 ‘⁴
698 3844 1198 3924 affirmantibus„
1230 3850 1369 3909 tam
1402 3844 1601 3909 tacite
1630 3866 1832 3929 quam
1878 3867 2195 3932 expresse,
2242 3853 2388 3914 toto
2432 3855 2502 3915 et
2532 3852 2714 3914 omni

614 3953 651 3983 “
694 3952 989 4035 tempore
1055 3946 1452 4033 supradicto,
1474 3985 1566 3996 -
1585 3946 1676 4011 Et
1718 3947 1778 4010 si
1824 3947 2064 4032 aliquis
2114 3948 2471 4014 Rectorum
2517 3950 2715 4017 dictae

614 4055 649 4084 “
695 4048 979 4115 ecclesiae
1024 4049 1105 4114 de
1153 4047 1468 4134 Horpolle
1497 4047 1786 4133 aliquam
1817 4055 2072 4133 partem
2101 4049 2390 4134 ipsarum
2437 4050 2716 4116 duarum

612 4156 648 4185 “
694 4150 985 4237 partium
1032 4150 1514 4235 praedictarum,
1562 4150 1703 4214 sive
1771 4149 1948 4234 ipsas
2009 4149 2172 4214 duas
2215 4155 2455 4235 partes,
2502 4172 2715 4237 perce-

613 4259 651 4286 “
698 4253 801 4339 pit
843 4274 959 4318 seu
1003 4251 1259 4332 habuit,
1306 4272 1415 4316 eas
1459 4250 1752 4337 percepit
1799 4250 1952 4336 jure
2012 4255 2079 4316 et
2123 4252 2390 4317 nomine
2432 4252 2718 4321 Abbatis

615 4361 651 4389 “
697 4364 766 4420 et
812 4353 1199 4421 Conventus
1230 4352 1612 4418 monasterii
1659 4352 1982 4439 praedicti,
2013 4358 2083 4419 et
2112 4359 2428 4440 tanquam
2473 4357 2562 4421 ad
2589 4379 2716 4438 eos,

614 4461 651 4491 “
696 4462 767 4522 et
808 4477 1035 4522 corum
1082 4455 1554 4521 monasterium
1600 4454 2013 4542 praedictum,
2045 4455 2256 4521 solum
2288 4459 2359 4521 et
2394 4457 2466 4521 in
2508 4458 2718 4524 solido

617 4568 651 4592 “
698 4558 1106 4644 pertinentes
1152 4562 1298 4623 toto
1344 4561 1416 4622 et
1460 4556 1639 4621 omni
1684 4561 1982 4644 tempore
2027 4557 2424 4644 supradicto,
2471 4564 2541 4624 et
2583 4582 2718 4626 non

680 4763 696 4795 ¹
722 4762 1056 4815 maerentibus
1076 4765 1133 4815 in
1154 4764 1269 4817 MS.
1652 4762 1662 4833 Ι
1759 4764 1779 4794 ²
1797 4762 2205 4815 consensientibus
2224 4764 2277 4815 in
2297 4765 2412 4820 MS.
