3467 5717
1301 823 1543 874 smcm
1589 823 1864 876 Ansam.
2515 816 2635 878 401

541 1011 575 1038 “
624 1004 1013 1087 exhibenda,
1049 1007 1290 1089 debite,
1335 1010 1641 1087 fideliter,
1687 1016 1757 1076 et
1803 1011 2011 1098 plene,
2043 1013 2455 1083 collationari
2500 1035 2650 1080 cum
2676 1015 2812 1067 AD·
2844 1021 2987 1067 1⁴³⁵·

543 1112 577 1140 “
626 1128 850 1171 eorum
897 1107 920 1145 ¹
940 1112 1381 1197 transumptis
1425 1117 1495 1179 et
1540 1114 2061 1200 exemplificatis,
2095 1137 2170 1180 ac
2215 1116 2545 1182 decretum
2581 1120 2652 1181 et

540 1213 577 1241 “
625 1208 889 1274 decreta
931 1217 1162 1277 nostra
1207 1235 1616 1300 quaecunque
1661 1216 1733 1279 in
1780 1215 1905 1281 hac
1950 1222 2137 1302 parte
2198 1218 2492 1304 legitime
2552 1218 2653 1282 in·

542 1316 580 1344 “
626 1312 890 1397 tet-poni
935 1317 1006 1378 et
1050 1313 1195 1379 fieri
1240 1315 1446 1380 etiam
1492 1315 1702 1381 visuri
1749 1321 1818 1381 et
1878 1317 2195 1396 audituri,
2241 1318 2650 1405 ulteriusque

545 1419 580 1446 “
626 1412 788 1492 fieri,
834 1415 1059 1495 statui,
1092 1421 1162 1481 et
1201 1415 1459 1485 decerni
1505 1417 1576 1480 in
1622 1418 1990 1504 praemissis,
2022 1425 2092 1484 et
2135 1440 2215 1485 ea
2257 1441 2653 1486 concernen-

545 1520 584 1548 “
629 1515 827 1596 tibus,
875 1516 1051 1601 quod
1087 1517 1261 1601 juris
1306 1518 1526 1594 fuerit,
1557 1522 1628 1583 et
1673 1519 1962 1584 rationis.
2058 1520 2341 1587 Intimes
2389 1543 2650 1607 quoque

542 1622 579 1651 “
625 1616 910 1704 insuper,
957 1640 1072 1684 seu
1133 1619 1432 1684 intimari
1485 1618 1703 1699 facias,
1751 1620 1986 1706 palam,
2032 1621 2059 1658 ²
2079 1622 2356 1708 publice,
2404 1627 2475 1687 et
2533 1645 2647 1687 ex-

547 1723 583 1751 “
626 1740 859 1805 presse,
906 1719 1181 1806 praefato
1225 1721 1510 1786 Ricardo
1539 1720 1904 1799 Whitman,
1952 1728 2022 1788 et
2066 1723 2209 1808 ejus
2240 1722 2451 1800 uxori,
2482 1744 2648 1810 prse-

546 1825 581 1854 “
627 1820 837 1900 dictis,
871 1820 1109 1906 quibus
1140 1821 1340 1887 etiam
1372 1828 1602 1887 tenore
1631 1824 2059 1909 praesentium
2105 1825 2197 1889 sic
2241 1824 2648 1904 intimamus,

547 1929 579 1956 “
624 1923 796 2008 quod
844 1923 983 1987 sive
1029 1923 1177 2010 ipsi,
1211 1924 1374 1989 dicti
1420 1924 1745 1989 Ricardus
1776 1924 2141 2005 Whitman,
2189 1933 2261 1992 et
2289 1925 2431 2010 ejus
2462 1947 2650 2006 uxor,

547 2029 581 2056 “
629 2046 844 2089 coram
890 2024 1083 2089 nobis
1129 2025 1327 2090 dictis
1373 2024 1478 2089 die
1509 2031 1578 2090 et
1622 2024 1763 2090 loco
1793 2026 2295 2113 comparuerint,
2328 2027 2469 2092 sive
2498 2048 2654 2103 non,

544 2131 582 2160 “
628 2147 766 2203 nos,
788 2126 1133 2205 Ricardus,
1159 2125 1550 2212 Compulsor
1577 2127 1970 2204 antedictae,
1995 2127 2241 2194 eisdem
2274 2127 2381 2192 die
2411 2132 2483 2193 et
2510 2127 2653 2193 loco

548 2233 586 2261 “
630 2227 982 2313 praedictis,
1028 2249 1178 2292 cum
1224 2229 1722 2293 continuatione
1770 2235 1838 2294 et
1883 2229 2345 2315 prorogatione
2397 2229 2654 2294 dierum

548 2333 585 2362 “
631 2332 794 2393 tunc
838 2329 1273 2414 sequentium,
1320 2334 1388 2394 et
1431 2329 1740 2409 locorum,
1772 2330 1847 2394 in
1891 2329 2268 2415 hujusmodi
2296 2327 2653 2416 “Compul-

549 2436 585 2465 “
630 2431 801 2495 sorio
855 2432 1122 2517 negotio
1185 2431 1255 2494 in
1326 2430 1633 2496 omnibus
1697 2435 1767 2496 et
1834 2431 2112 2518 singulis
2156 2432 2322 2497 actis
2384 2433 2453 2496 in
2512 2432 2654 2517 ipso

548 2539 587 2567 “
630 2532 897 2621 negotio
964 2532 1299 2623 gradatim
1365 2538 1434 2598 et
1501 2532 1863 2598 successive
1925 2532 2161 2598 fiendis
2206 2538 2274 2599 et
2318 2533 2656 2611 habendis,

548 2640 586 2668 “
634 2656 837 2719 usque
905 2633 988 2698 ad
1056 2634 1320 2699 finalem
1390 2633 1885 2721 expeditionem
1944 2633 2324 2719 hujusmodi
2399 2635 2653 2722 negotii

549 2742 585 2771 “
630 2736 952 2801 inclusive
998 2734 1025 2772 ⁴
1044 2736 1482 2822 procedemus,
1537 2737 1828 2822 ipsorum
1877 2736 2142 2801 Ricardi
2196 2735 2540 2801 Whitman
2585 2741 2655 2801 et

550 2845 585 2874 “
630 2838 770 2924 ejus
813 2837 1040 2903 uxoris
1104 2837 1408 2902 absentia
1470 2858 1582 2902 seu
1648 2838 2064 2903 contumacia
2117 2838 2189 2901 in
2235 2837 2459 2923 aliquo
2520 2859 2655 2903 non

550 2946 584 2973 “
630 2939 953 3006 obstante.
1043 2938 1142 3004 De
1188 2936 1215 2973 ⁶
1233 2939 1467 3004 diebus
1519 2961 1680 3004 vero
1748 2940 2146 3027 receptionis
2209 2940 2655 3026 praesentium,

551 3047 586 3074 “
632 3062 708 3106 ac
751 3040 1140 3106 monitionis
1184 3046 1255 3106 et
1299 3040 1635 3106 citationis
1673 3047 1941 3105 tuarum
1987 3041 2470 3126 praedictarum,
2504 3046 2570 3105 et
2602 3040 2659 3104 si

550 3151 584 3177 ‘⁶
634 3142 846 3207 dictos
890 3141 1222 3206 Abbatem
1292 3146 1361 3207 et
1406 3141 1843 3219 Conventum,
1893 3139 1921 3179 ⁰
1946 3142 2377 3231 personaliter
2428 3164 2659 3228 appre-

555 3251 589 3279 “
635 3244 887 3321 hensos,
956 3243 1304 3323 monueriS,
1365 3248 1437 3307 et
1497 3243 1555 3307 si
1618 3243 1829 3308 dictos
1893 3242 2251 3308 Ricardum
2314 3243 2658 3309 Whitman

553 3355 587 3381 ‘⁴
634 3353 706 3429 et
774 3347 916 3432 ejus
993 3368 1262 3411 uxorem
1333 3345 1719 3434 praedictam
1787 3345 1815 3384 ⁶
1833 3346 2267 3437 personaliter
2332 3346 2656 3423 citaveria

554 3456 589 3484 “
635 3449 954 3535 modoque
1000 3453 1070 3513 et
1113 3449 1326 3513 forma
1369 3448 1749 3527 earundem,
1792 3470 2048 3514 necnon
2094 3450 2267 3536 quod
2315 3449 2545 3514 feceris
2588 3449 2659 3513 in

553 3557 590 3587 ‘⁴
634 3551 1001 3638 praemissis,
1049 3572 1168 3616 nos
1214 3550 1412 3615 dictis
1459 3550 1569 3616 die
1639 3555 1708 3615 et
1770 3551 1914 3616 loco
1960 3538 2275 3616 certifices
2334 3573 2452 3637 per
2511 3556 2663 3616 tuas

557 3658 593 3687 “
639 3653 900 3718 litteras
963 3656 1284 3739 patentes,
1346 3652 1585 3717 harum
1655 3651 1893 3717 seriem
1954 3652 2389 3731 continentes,
2443 3652 2661 3739 sigillo

554 3761 589 3791 “
635 3753 1021 3820 authentico
1089 3754 1520 3841 consignatas.
1637 3753 1717 3818 In
1785 3754 1969 3838 cujus
2029 3755 2122 3819 rei
2185 3755 2660 3834 testimonium,

559 3863 594 3890 ‘⁴
641 3857 932 3943 sigillum
979 3862 1298 3936 nostrum,
1346 3877 1478 3942 quo
1526 3855 1796 3935 utimur,
1827 3860 1908 3921 ut
1952 3855 2471 3921 Archidiaconus
2504 3856 2661 3920 Rof-

561 3964 596 3992 “
643 3957 861 4038 fensiS,
929 3957 1369 4045 praesentibus
1435 3957 1876 4044 apposuimus.
1969 3958 2225 4022 Datum
2286 3957 2663 4037 Londomis,

560 4065 594 4094 “
643 4064 879 4145 quarto
957 4059 1292 4125 Kalendas
1366 4058 1638 4145 Aprilis,
1714 4078 1892 4122 anno
1968 4057 2244 4123 Domini
2316 4056 2663 4123 millesimo

562 4166 602 4196 “
647 4160 1294 4247 quadringentesimo
1340 4159 1672 4226 tricesimo
1716 4158 2005 4245 quint0.’'

627 4473 640 4502 ¹
669 4472 1012 4537 transumptis
1034 4469 1086 4521 in
1107 4471 1222 4524 MS.
1719 4470 1744 4503 ⁴
1756 4470 2064 4537 procedimus
2084 4470 2137 4523 in
2159 4471 2272 4523 MS.

625 4549 648 4582 ²
663 4550 826 4614 pulice
847 4550 901 4599 in
924 4549 1039 4602 MS.
1721 4550 1743 4581 ⁶
1766 4549 1913 4599 dibus
1935 4550 1989 4600 in
2014 4551 2127 4601 MS.

626 4627 648 4661 ³
676 4627 999 4695 Compulsoria·
1021 4628 1076 4679 in
1097 4628 1210 4680 MS.
1721 4627 1743 4656 ⁸
1758 4627 2090 4692 par-sonaliter
2111 4628 2163 4679 in
2186 4628 2300 4681 MS.

2269 4725 2310 4775 Ο
2352 4727 2395 4774 C
