3467 5717
776 823 904 886 148
1427 830 1748 884 ANNALES
1793 829 2215 881 nouas‘mun

440 1117 572 1169 AD.
604 1123 749 1170 1423.
899 1100 1111 1167 Verba
1157 1096 1441 1164 Abbati&
1485 1095 1578 1161 ad
1622 1094 1897 1182 Papam
1941 1092 2364 1175 Martinam,
2409 1093 2497 1159 rien
2535 1094 2779 1180 prima

1424 1196 1758 1264 locutione
1803 1218 1962 1263 cum
2006 1196 2245 1264 eodem.

437 1367 549 1457 The
573 1367 687 1418 Ab·
863 1366 899 1393 “
932 1358 1129 1422 Pater
1157 1353 1555 1435 beatissime,
1599 1374 1876 1429 summe,
1924 1351 2246 1437 uniceque
2291 1349 2622 1427 PontifeX,
2666 1354 2736 1416 et
2778 1350 2880 1414 in-

439 1434 724 1551 ξὲξιξθῗῇ
776 1460 812 1495 “
859 1460 1179 1526 dubitate.
1213 1496 1307 1510 --
1336 1458 1440 1523 De
1500 1457 1773 1523 remotis
1833 1454 2011 1521 orbis
2069 1453 2400 1520 limitibus
2460 1453 2548 1519 ad
2622 1475 2882 1540 magnae

439 1566 590 1646 Pope·
774 1569 814 1599 “
858 1562 1044 1628 urbis
1106 1563 1370 1627 vineam
1424 1560 1550 1626 etsi
1612 1558 1969 1624 novissime
2017 1556 2160 1644 jam
2205 1556 2436 1622 veniat
2486 1555 2881 1621 novissimus

440 1633 628 1685 Marna
651 1634 721 1688 v·
773 1673 810 1703 “
854 1671 1096 1731 vestrae
1183 1663 1579 1730 Sanctitatis
1654 1661 2012 1749 operarius,
2090 1665 2161 1725 et
2235 1663 2391 1746 post
2465 1657 2878 1723 undecimam

775 1773 812 1803 “
857 1767 1106 1845 horam,
1154 1771 1455 1833 attamen
1515 1765 1673 1851 quia
1716 1764 1823 1828 sui
1867 1783 2119 1828 moram
2180 1782 2473 1827 accessus
2523 1781 2699 1837 vera,
2747 1781 2879 1825 non

776 1876 813 1905 “
856 1870 1031 1950 ficta,
1086 1873 1476 1935 cunctorum
1538 1865 1855 1945 ¹consci0,
1918 1861 1944 1902 ²
1966 1864 2267 1931 causavit
2323 1863 2691 1944 infirmitas,
2756 1862 2882 1926 hu-

772 1978 810 2008 “
857 1972 1132 2036 millime
1176 1970 1526 2057 supplicat,
1570 1991 1648 2035 ac
1691 1969 1962 2034 invocat
2010 1966 2448 2047 devotissime,
2498 1966 2690 2029 illum
2751 1964 2882 2029 sibi

775 2080 812 2109 “
856 2073 1130 2139 minime
1158 2072 1620 2161 denegandum
1649 2069 2017 2148 denarium,
2054 2090 2253 2156 quem
2283 2068 2527 2158 singuli
2563 2068 2708 2154 jam
2739 2089 2883 2133 sus-

775 2182 813 2212 “
858 2181 1172 2263 ceperant
1214 2175 1289 2240 in
1332 2173 1715 2253 mercedem,
1765 2173 1883 2260 qui
1926 2172 2144 2259 primo
2188 2192 2386 2238 mane
2430 2176 2756 2236 exeuntes
2797 2169 2883 2234 ad

775 2285 811 2314 ‘⁴
858 2300 1023 2366 opus
1067 2283 1476 2344 accesserant
1506 2275 1984 2364 Apostolicum,
2016 2278 2089 2340 et
2117 2273 2292 2340 circa
2321 2271 2550 2339 horam
2582 2272 2879 2360 primam.

774 2386 813 2417 “
860 2381 1235 2467 Propterea,
1281 2384 1473 2467 pater
1532 2400 1711 2445 sacer
1760 2382 1831 2444 et
1872 2376 2328 2458 sacratissime,
2378 2381 2681 2464 paternae
2725 2374 2882 2462 quia

775 2488 812 2518 “
855 2482 1207 2569 potestatis
1273 2481 1555 2548 arbitrio
1597 2480 1784 2560 libet,
1847 2480 1904 2546 si
1976 2479 2157 2561 velit,
2222 2478 2473 2567 primos
2532 2478 2742 2544 facere
2800 2477 2883 2541 de

775 2591 811 2620 “
855 2585 1251 2665 novissimis,
1281 2581 1309 2623 ⁸
1330 2604 1701 2672 paucosque
1729 2582 1973 2670 eligere
2007 2581 2090 2648 de
2131 2581 2391 2648 vocatis
2434 2580 2683 2659 multis,
2713 2578 2883 2645 velit

775 2692 811 2721 “
856 2691 1098 2769 vestra,
1177 2685 1234 2751 si
1305 2685 1579 2773 placeat,
1655 2683 2007 2752 beatitudo
2080 2688 2338 2751 vestros
2410 2683 2600 2763 filios,
2676 2703 2885 2769 quan-

776 2794 812 2822 “
859 2809 1058 2874 quam
1118 2787 1532 2870 novissimos,
1581 2787 1663 2854 de
1731 2785 1980 2853 Sancto
2032 2785 2317 2866 Albano,
2356 2785 2529 2851 adeo
2587 2784 2883 2872 specifice

777 2896 816 2935 ‘⁴
859 2891 1101 2957 habere
1159 2890 1627 2970 recommissos,
1676 2894 1775 2970 ut,
1823 2889 2001 2954 inter
2043 2893 2316 2955 caeteros
2359 2887 2473 2975 qui
2517 2886 2604 2952 ad
2649 2886 2882 2951 imme-

787 2996 824 3027 “
866 2992 1123 3059 diatam
1169 2992 1392 3059 vocati
1438 2997 1600 3058 sunt
1661 2991 2131 3067 obedientiam,
2180 2993 2568 3056 statuantur
2612 2988 2682 3052 in
2715 2987 2880 3053 elec-

778 3100 813 3129 “
858 3099 1083 3160 torum
1127 3117 1423 3175 numero,
1455 3116 1533 3160 ac
1576 3116 1727 3160 cum
1774 3094 1905 3159 hiis
1949 3093 2066 3179 qui
2112 3096 2387 3179 portant
2430 3091 2691 3179 pondus
2727 3090 2879 3171 diei,

776 3203 812 3233 “
858 3203 929 3262 et
973 3201 1228 3278 aestum,
1276 3219 1345 3262 se
1418 3196 1666 3262 similes
1715 3199 2043 3276 censeant,
2092 3216 2170 3260 ac
2213 3193 2584 3260 consimiles
2627 3193 2701 3258 in
2767 3193 2885 3258 sti·

776 3304 812 3333 ‘⁴
858 3299 1099 3386 pendio
1161 3299 1552 3387 vespertino.
1645 3298 1946 3385 Insuper,
1992 3303 2220 3384 pastor
2260 3317 2533 3376 summe,
2578 3296 2653 3361 in
2695 3301 2882 3363 aeter-

776 3407 811 3434 “
858 3424 1150 3489 numque
1196 3402 1407 3482 beate,
1454 3407 1725 3487 gratum
1774 3400 1934 3487 quia
1993 3399 2179 3466 decet
2222 3398 2435 3464 filium
2479 3398 2882 3464 successibus

775 3510 810 3536 “
859 3505 1152 3589 paternis
1198 3503 1618 3589 applaudere,
1653 3508 1725 3567 et
1770 3500 2143 3566 collaudare
2195 3500 2409 3566 Deum
2442 3500 2523 3566 de
2566 3500 2684 3565 illa
2726 3522 2882 3565 con·

775 3610 810 3638 “
857 3605 1166 3669 ductione
1211 3604 1389 3669 felici
1438 3613 1505 3669 et
1554 3623 1710 3669 vere
1759 3602 1951 3685 felici,
2005 3624 2136 3689 qua
2180 3625 2300 3689 per
2341 3607 2634 3690 paternae
2696 3622 2884 3667 sanc-

775 3709 810 3740 “
857 3704 1159 3770 timoniae
1219 3726 1565 3772 ascensum
1616 3704 1703 3770 ad
1766 3704 1964 3769 Beati
2024 3704 2208 3771 Petri
2269 3704 2668 3770 Cathedram
2736 3705 2879 3790 jam

775 3809 810 3839 “
856 3806 1317 3873 conducuntur
1378 3806 1498 3871 alii
1564 3807 1782 3885 mult-i,
1854 3805 1972 3894 qui
2042 3810 2187 3873 tota
2251 3807 2358 3873 die
2416 3807 2881 3873 steterunt-in

773 3912 807 3943 “
853 3906 996 3974 foro
1039 3907 1069 3946 ⁴
1085 3908 1461 3975 schismatis
1492 3908 1708 3989 otiosi,
1752 3913 1833 3974 ut
1877 3913 2100 3975 orator
2150 3907 2437 3990 humilis,
2485 3908 2703 3974 Deum
2751 3909 2880 3974 col-

769 4017 808 4046 “
853 4011 1070 4094 laud0,
1114 4017 1194 4079 ut
1241 4010 1419 4077 filius
1463 4011 1697 4094 fidelis,
1742 4011 1923 4098 patri
1969 4010 2314 4096 conjubilo,
2362 4032 2439 4076 ac
2481 4010 2572 4076 ad
2635 4010 2880 4076 similia

772 4119 808 4147 “
857 4114 1313 4181 conductionis
1343 4135 1559 4201 opera,
1591 4119 1672 4179 ut
1699 4115 1942 4179 iterum
1973 4117 2169 4179 exeat
2195 4110 2359 4179 hora
2401 4119 2609 4193 sexta,
2656 4114 2875 4191 tertia,

774 4220 809 4250 “
858 4236 934 4280 ac
982 4206 1262 4295 nove'na,
1316 4220 1645 4302 quatenus
1688 4215 1829 4281 filio
1876 4214 2092 4294 liceat,
2121 4220 2191 4280 et
2238 4214 2417 4301 patri
2462 4235 2603 4280 non
2650 4214 2878 4301 displi-

769 4318 806 4347 “
853 4320 1016 4396 ceat,
1077 4315 1379 4382 filialiter
1442 4337 1739 4405 suggero,
1785 4316 2295 4404 amabiliterque
2361 4316 2586 4383 excito
2642 4322 2715 4382 et
2756 4338 2876 4382 ex-

831 4595 846 4628 ¹
870 4595 958 4646 sic
979 4594 1031 4645 in
1052 4595 1167 4647 us.
1867 4558 1994 4646 xxii.
2022 4599 2101 4648 14.

825 4673 848 4706 ²
867 4675 1004 4723 οᾶίε
1022 4673 1076 4723 in
1098 4673 1212 4726 MS.
1935 4673 1957 4708 ⁴
1980 4674 2227 4726 sci-mztis
2244 4673 2296 4726 in
2329 4674 2444 4728 MS.

822 4750 846 4783 ⁸
867 4753 931 4802 In
969 4751 1184 4804 allusion
1207 4760 1260 4803 to
1282 4752 1525 4806 Hammo
1564 4770 1655 4805 xx.
1686 4758 1766 4815 16,
