3467 5717
844 783 972 846 306
1509 788 1830 842 ANNALns
1872 788 2292 842 uomsmml

508 978 882 1039 A·1>·¹431‚²·“
927 999 1012 1043 ex
1072 977 1381 1064 operibus
1431 977 1719 1066 justitiae
1778 998 1926 1064 quae
1983 977 2256 1044 fecimus
2313 998 2452 1060 nos,
2516 974 2538 1015 ¹
2565 976 2788 1059 immo,
2848 998 2949 1042 se·

843 1087 880 1117 “
924 1082 1214 1147 cundum
1260 1102 1449 1146 suam
1495 1102 1805 1168 magnam
1834 1080 2367 1163 misericordiam,
2397 1079 2612 1146 salvos
2640 1100 2763 1145 nos
2791 1078 2951 1145 fecit
3043 1096 3060 1111 ³·

847 1190 882 1220 “
927 1185 1251 1249 immensa
1323 1183 1669 1257 clementia
1744 1183 2188 1266 Plasmatoris,
2265 1183 2371 1265 sit,
2456 1204 2571 1249 oro
2648 1182 2945 1262 intimus,

845 1294 883 1323 “
927 1288 1067 1354 haec
1111 1287 1223 1374 pia
1268 1286 1695 1353 Plasmatoris
1755 1287 1928 1352 actio
1975 1291 2201 1353 vestra
2260 1285 2615 1374 pastoralis
2666 1284 2949 1351 instruc·

846 1394 881 1424 “
928 1390 1042 1468 tio,
1075 1389 1674 1477 pauperculumque
1704 1387 1993 1453 Priorem
2047 1388 2127 1454 de
2173 1388 2500 1474 Bynham,
2532 1388 2651 1475 qui
2700 1409 2946 1474 nequa-

845 1496 882 1527 “
929 1514 1128 1578 quam
1160 1492 1233 1557 in
1269 1491 1404 1557 suis
1432 1490 2026 1577 justificationibus
2065 1491 2376 1573 minimis,
2407 1488 2434 1529 2
2452 1491 2568 1556 sed
2605 1490 2681 1555 in
2708 1490 2947 1557 vestris

844 1598 880 1629 “
924 1593 1459 1661 miserationibus
1516 1593 1768 1675 multis,
1821 1593 2169 1679 praesumit
2227 1598 2384 1660 ante
2443 1597 2746 1660 vestrum
2792 1612 2945 1659 con-

840 1699 877 1729 “
922 1699 1222 1781 spectum
1265 1716 1490 1782 preces
1533 1717 1686 1762 suas
1729 1700 2159 1782 prosternere,
2191 1695 2506 1783 dignetur
2531 1699 2757 1762 vestra
2797 1716 2946 1782 pas-

841 1801 879 1832 “
924 1798 1155 1864 toralis
1198 1797 1578 1885 benignitas
1621 1797 1711 1863 ad
1737 1796 1983 1865 favoris
2011 1799 2301 1886 gratiam
2343 1796 2697 1886 benignius
2725 1818 2946 1885 accep-

843 1905 879 1935 “
924 1904 1088 1967 tare.
1148 1899 1306 1966 Non
1330 1900 1506 1966 enim
1524 1900 1701 1987 quod
1730 1900 1953 1966 minus
1980 1901 2359 1967 humaniter
2379 1900 2945 1987 irreverenter-que

842 2008 881 2037 “
925 2002 999 2067 in
1041 2007 1332 2071 vestram
1376 2008 1602 2092 egerat
1645 2001 2211 2070 ⁸benevolentiam
2255 2025 2333 2070 eo
2373 2002 2515 2091 egit
2543 2002 2788 2091 spiritu
2816 2023 2945 2088 quo

843 2108 878 2138 “
925 2104 1054 2170 sibi
1097 2104 1482 2194 imponitur,
1530 2103 1787 2184 ¹immo,
1831 2105 1976 2192 ipso
2029 2105 2479 2193 dispositionis
2524 2106 2767 2188 animo,
2813 2126 2942 2193 quo

841 2215 877 2243 “
920 2228 1037 2295 per
1079 2230 1410 2274 accessum
1457 2207 1799 2274 Ordinarii
1843 2206 2131 2274 faciliter
2174 2207 2594 2295 praejudicari
2636 2230 2680 2273 a
2722 2208 2945 2295 singu-

841 2317 878 2347 “
922 2311 1004 2375 lis
1046 2310 1484 2398 privilegiatis
1543 2309 1983 2376 communiter
2026 2309 2413 2397 suspicatur.
2504 2309 2677 2377 Cum
2735 2309 2945 2397 igitur

843 2419 878 2449 “
922 2413 1182 2500 piarum
1241 2414 1331 2479 sit
1389 2412 1716 2479 mentium
1775 2435 2030 2499 semper
2085 2413 2159 2477 in
2201 2412 2735 2479 miserationibus
2778 2434 2945 2500 prae-

842 2521 878 2550 “
923 2515 1151 2582 venire
1213 2515 1722 2582 misericorditer
1767 2515 2279 2603 delinquentem,
2324 2536 2462 2581 non
2506 2514 2763 2596 reddat,
2809 2535 2944 2597 or0‚

839 2623 874 2651 “
920 2621 1144 2682 vestra
1176 2617 1523 2703 pastoralis
1565 2617 1934 2704 paternitas
1976 2618 2123 2684 viro
2169 2618 2456 2685 contrito
2499 2622 2570 2685 et
2595 2616 2946 2684 humiliato

838 2722 875 2752 “
920 2739 989 2784 se
1043 2717 1394 2802 difficilem,
1446 2741 1649 2806 quam
1701 2719 1882 2786 inter
1939 2718 1967 2758 4
1988 2719 2276 2786 virtutes
2334 2719 2498 2786 alias
2557 2719 2747 2785 decet
2801 2720 2947 2786 loco

839 2824 877 2856 “
921 2821 1136 2907 primo
1182 2820 1425 2888 habere
1474 2821 1550 2885 in
1599 2820 1823 2887 animo
1875 2821 2211 2908 pietatem.
2301 2819 2477 2886 Nam
2524 2820 2636 2906 qui
2693 2825 2946 2907 praeest

835 2930 871 2961 “
917 2929 987 2991 et
1033 2930 1214 2991 caret
1265 2924 1537 3012 pietatis
1590 2923 1833 3003 animo,
1883 2923 2119 2989 similis
2171 2926 2274 2989 est
2325 2921 2351 2961 ⁵
2372 2920 2752 3009 chirurgioo,
2800 2923 2941 3008 qui,

836 3032 874 3062 “
919 3029 1159 3113 spretis
1223 3027 1534 3094 fomentis
1605 3026 1926 3108 lenitatis,
1973 3026 2438 3093 tantummodo
2512 3024 2588 3090 in
2661 3024 2945 3112 singulis

836 3137 870 3166 “
915 3130 1225 3196 curandis
1297 3129 1707 3211 vulneribus,
1768 3127 1879 3197 vel
1937 3127 2111 3194 ferro
2170 3125 2628 3194 “abscissionis
2702 3128 2941 3209 utitur,

836 3237 872 3267 “
918 3233 1029 3299 vel
1074 3232 1379 3299 abutitur
1424 3231 1786 3298 acrioribus
1825 3229 2188 3298 corrosivis.
2280 3229 2523 3317 Igitur,
2553 3251 2703 3295 cum
2730 3230 2943 3318 pietas

835 3339 873 3370 “
917 3336 1024 3417 sit,
1074 3357 1223 3422 quae
1281 3332 1308 3376 ⁷
1328 3335 1599 3401 Petrum
1652 3334 2132 3421 lacrymantem
2176 3332 2466 3419 suscepit
2508 3332 2596 3397 ad
2638 3332 2945 3420 gratiam,

832 3442 866 3473 “
914 3460 1062 3525 quae
1108 3438 1135 3477 ⁸
1156 3437 1582 3525 publicanum
1630 3436 1902 3504 devium
1940 3436 2277 3503 revocavit
2322 3436 2410 3501 ad
2458 3435 2940 3522 poenitentiam,

835 3546 871 3575 “
916 3563 1066 3627 quae
1106 3562 1283 3606 coeco
1328 3538 1581 3627 ¹'magis
1620 3562 1696 3606 ac
1742 3537 1953 3626 magis
2006 3537 2322 3604 clamanti
2362 3539 2583 3605 visum
2620 3538 2935 3621 restituit,

833 3648 869 3677 ‘⁶
913 3643 1510 3730 pauperculamque
1537 3665 1581 3707 a
1619 3639 1672 3681 ¹⁰
1689 3641 2027 3730 lapidibus
2070 3641 2507 3729 praeservavit
2549 3640 2937 3721 adulteram,

831 3749 869 3779 “
914 3766 992 3810 ac
1060 3744 1309 3830 absque
1378 3765 1580 3832 poena
1644 3745 1720 3809 in
1791 3766 1951 3837 pace
2012 3744 2286 3827 dimisit,
2342 3743 2659 3831 dignetur
2714 3748 2938 3811 vestra

831 3852 864 3882 “
909 3847 1256 3934 pastoralis
1292 3845 1688 3934 benignitas,
1730 3867 1819 3912 ex
1863 3846 2211 3933 peculiaris
2255 3846 2528 3933 pietatis
2556 3846 2934 3929 visceribus,

831 3954 866 3984 “
913 3949 1001 4015 ad
1066 3949 1311 4015 favoris
1379 3948 1664 4037 gratiam
1725 3947 2022 4015 Priorem
2072 3948 2216 4036 jam
2277 3949 2529 4015 dictum
2589 3950 2930 4038 suscipere,

830 4059 866 4089 “
911 4056 1344 4140 revocatoque
1412 4072 1627 4133 onere,
1700 4055 1937 4118 contra
2009 4050 2264 4139 regiam
2329 4051 2729 4138 libertatem,
2802 4052 2934 4118 sibi

830 4160 867 4191 “
911 4155 1241 4242 imposito,
1291 4154 1629 4222 dimittere
1680 4153 1754 4219 in
1800 4175 1957 4241 pace
2004 4175 2155 4220 cum
2199 4154 2529 4236 Domino;
2575 4176 2652 4221 ac
2702 4154 2930 4243 praeoi-

891 4418 907 4450 ¹
927 4433 1080 4483 ymmo
1102 4418 1156 4467 in
1177 4417 1290 4469 MS.
1986 4414 2008 4449 ⁶
2029 4413 2318 4467 abscisionis
2338 4416 2396 4467 in
2416 4416 2530 4470 MS.

886 4498 909 4531 ²
931 4498 1020 4549 Set
1036 4498 1092 4548 in
1115 4496 1230 4549 MS.
1984 4493 2008 4534 ⁷
2027 4493 2187 4547 Mau.
2208 4497 2353 4547 xxvi.
2379 4498 2460 4548 75.

886 4576 909 4609 ⁸
930 4575 1295 4628 benivolentiam
1316 4576 1370 4627 in
1390 4575 1504 4629 MS.
1985 4575 2006 4604 ⁸
2025 4572 2170 4625 Lake
2193 4574 2339 4627 xviii.
2368 4581 2445 4627 14.

883 4658 906 4686 ⁴
926 4656 1076 4706 vir-tes
1095 4656 1148 4706 in
1169 4656 1283 4709 MS.
1985 4651 2007 4685 ⁹
2028 4651 2186 4705 Matt.
2208 4669 2300 4708 xx.
2325 4659 2407 4706 32.

883 4734 904 4766 ⁸
927 4735 1168 4801 cimryico
1189 4734 1244 4785 in
1264 4733 1378 4786 MS.
1983 4730 2024 4766 ¹⁰
2045 4731 2182 4784 Jolm
2207 4732 2317 4786 viii.
2341 4739 2415 4788 11.
