3467 5717
1345 828 1591 882 eme-rt
1635 830 1906 881 Anum.
2550 818 2678 882 233

577 1015 740 1081 cidit
786 1012 886 1080 illi
935 1017 1284 1082 concilium
1316 1038 1567 1094 sanum,
1598 1022 1679 1083 ut
1724 1017 1947 1082 virum
1996 1016 2334 1103 profundae
2365 1017 2674 1096 scientiae,
2703 1031 3019 1090 A·n·1427,8.

578 1106 1082 1205 'sinceriorisque
1128 1119 1459 1200 amicitiae,
1496 1120 1918 1207 Magistrum,
1950 1118 2272 1193 videlicet,
2318 1117 2342 1156 ¹
2361 1118 2676 1184 Thomam
2703 1121 2787 1171 He
2809 1121 2990 1175 invites

579 1220 1001 1308 Bekyngton,
1052 1221 1393 1286 Decanum
1440 1243 1561 1308 pro
1607 1226 1772 1286 tunc
1816 1221 2036 1287 Curiae
2082 1220 2163 1285 de
2207 1219 2531 1300 Arcubus,
2576 1220 2678 1285 in·
2702 1188 3006 1313 ξέἳξξέξ

577 1322 830 1390 vitaret
896 1320 977 1388 ad
1050 1345 1235 1388 suam
1307 1345 1620 1405 mensam,
1667 1323 1928 1408 sibique
1974 1324 2151 1388 inter
2191 1322 2439 1388 fercula
2481 1344 2681 1409 expo·
2708 1321 2870 1437 oftlie
2967 1314 2970 1319 ⁴

578 1431 767 1491 neret
831 1430 1052 1491 totum
1113 1447 1483 1512 processum
1546 1426 1686 1507 rei3
1763 1447 1840 1489 ac
1908 1431 2255 1510 quaereret,
2300 1447 2450 1490 cum
2509 1426 2684 1512 leges
2710 1397 3022 1515 dinnessff’sti'd

578 1527 768 1615 regni
814 1527 945 1592 sibi
975 1527 1346 1602 deficerent,
1366 1531 1594 1592 utrum
1629 1527 1933 1594 Canones
1973 1527 2281 1592 Ecclesiae
2326 1526 2454 1591 sibi
2503 1528 2574 1591 in
2606 1550 2684 1592 ea
2711 1521 2829 1637 ⁸3¹¹?
2851 1521 2929 1572 ¹¹5⁸

552 1634 768 1716 ,parte
812 1628 1126 1694 auxiliari
1171 1632 1452 1715 possent.
2707 1603 2737 1637 α
2773 1602 2902 1639 '⁷¹⁰⁶'

670 1731 907 1816 Sicque
950 1732 1200 1796 factum
1247 1736 1390 1811 est3
1437 1730 1749 1794 veniente
1793 1729 2116 1816 siquidem
2165 1730 2344 1797 dicto
2391 1731 2677 1811 DecanO,

580 1838 650 1898 et
692 1832 1018 1897 residente
1080 1853 1298 1898 secum
1362 1832 1431 1895 in
1504 1852 1623 1896 sua
1682 1852 1925 1908 mensa,
1972 1832 2174 1917 coepit
2240 1831 2470 1899 Abbas
2529 1839 2681 1920 post

579 1934 886 2022 pauculas
928 1934 1318 2001 refectiones
1360 1954 1725 1999 sermonem
1770 1932 1999 1999 efferre
2028 1935 2149 1999 sub
2179 1934 2312 1999 ista
2339 1934 2548 2001 forma
2573 1959 2682 2001 :—

668 2042 706 2069 “
737 2035 989 2101 Doctor
1032 2034 1332 2120 insignis,
1383 2039 1454 2100 et
1512 2034 1722 2099 amice
1790 2034 1957 2099 mihi
2009 2034 2298 2100 maxime
2343 2036 2680 2102 fiducialis·
2708 2053 2819 2104 The
2841 2053 2971 2105 form

581 2145 617 2172 “
662 2136 1006 2202 —Doceat
1049 2157 1169 2202 nos
1215 2135 1521 2222 quamvis
1565 2134 1671 2198 vir
1714 2135 1976 2221 sapiens
2033 2135 2372 2201 interdum
2416 2138 2680 2217 nostris,
2707 2119 2997 2238 {32⁷2}th

584 2245 621 2274 “
668 2244 738 2304 et
785 2238 1113 2325 praecipue
1172 2237 1352 2303 inter
1412 2236 1656 2324 epulas,
1709 2236 2132 2324 interponere
2191 2238 2434 2324 gaudia
2492 2240 2681 2321 curie,
2710 2253 2984 2317 placentae

582 2348 618 2377 “
664 2340 815 2405 volo
860 2346 1088 2406 tamen
1131 2339 1217 2404 ad
1263 2359 1548 2425 praesens
1593 2337 1674 2403 de
1719 2337 1993 2403 licentia
2036 2361 2279 2406 mensae
2309 2362 2351 2405 a
2381 2340 2687 2406 doctrina
2711 2334 2825 2370 ⁰⁸⁸⁶
2847 2320 3018 2371 before

583 2447 619 2476 “
663 2442 797 2507 ista
830 2442 1146 2522 recedere,
1178 2461 1671 2526 proponereque
1717 2460 1929 2526 pauca
1957 2440 2143 2518 seria,
2174 2440 2249 2505 in
2280 2442 2519 2528 quibus
2549 2466 2684 2509 non
2709 2385 3023 2518 ffugi-geone

585 2551 621 2578 “
664 2543 1085 2609 mediocriter
1151 2540 1483 2628 affligatur
1514 2540 1774 2605 ·anima
1837 2564 1996 2607 mea.
2102 2542 2381 2629 Affligor
2440 2545 2682 2609 etenim
2707 2517 2946 2635 m}
2964 2541 2979 2581 ³

584 2652 623 2681 “
668 2644 1110 2721 vehementer,
1162 2643 1746 2728 vehementiusque
1793 2644 2215 2726 contribulor,
2246 2666 2364 2731 pro
2396 2666 2473 2710 eo
2504 2647 2681 2732 quod
2706 2650 2923 2716 enquiry

586 2754 623 2782 “
659 2745 931 2833 justitia
974 2747 1091 2811 illa
1134 2767 1283 2832 quae
1328 2745 1504 2832 leges
1546 2745 1735 2832 regni
1791 2751 2064 2833 regeret,
2103 2746 2243 2832 jam
2304 2747 2378 2811 in
2423 2747 2681 2834 judicio
2706 2716 3019 2835 ffiffiffie

585 2857 620 2885 “
663 2848 988 2935 cespitans
1050 2844 1299 2913 corruit
1357 2847 1428 2910 in
1487 2845 1748 2932 plateis,
1808 2846 2253 2934 iniquamque,
2315 2850 2372 2914 si
2430 2849 2531 2916 fas
2589 2851 2681 2916 sit
2707 2864 2808 2913 ΜΨ
2830 2852 3022 2903 reama·

583 2956 615 2986 ‘²
666 2950 765 3015 ita
819 2950 1049 3029 dicere,
1079 2948 1479 3014 sententiam
1530 2952 1764 3015 contra
1816 2949 2151 3014 eeclesiam
2182 2950 2409 3016 Sancti
2437 2951 2685 3017 Albani
2708 2916 2961 3033 {22⁰OE

585 3059 623 3089 “
668 3052 863 3118 valde
881 3051 1054 3116 tulit.
1145 3050 1351 3116 Casus
1380 3048 1545 3135 legis
1573 3050 1647 3114 in
1677 3050 1893 3136 specie
1924 3054 2115 3116 extat
2144 3051 2686 3119 talis—Dudum

586 3161 624 3191 “
666 3154 739 3218 in
771 3152 989 3219 Banco
1019 3151 1371 3219 Communi
1400 3152 1580 3219 inter
1629 3149 1657 3189 ²
1674 3152 2281 3238 Eleemosynarium
2328 3154 2410 3220 de
2443 3154 2688 3221 Sancto

588 3261 625 3290 “
667 3255 933 3322 Albano
977 3259 1049 3320 et
1096 3254 1436 3320 Rectorem
1484 3253 1566 3318 de
1599 3253 1922 3341 Hor-polle
1952 3254 2286 3341 pendente
2326 3255 2446 3322 lite
2492 3260 2687 3345 gravi

587 3366 624 3397 “
668 3382 865 3447 super
910 3358 1195 3445 quadam
1247 3379 1475 3424 annua
1520 3357 1835 3445 pensione
1876 3357 1961 3423 ab
2008 3360 2279 3425 ecclesia
2314 3360 2473 3426 dicti
2521 3361 2687 3428 Rec-

584 3469 621 3498 “
666 3463 828 3528 toris
901 3466 1206 3542 exeunte,
1268 3460 1537 3547 lataque
1612 3460 1900 3539 demum,
1961 3468 2113 3547 post
2186 3461 2686 3530 altercationem

585 3571 625 3600 “
670 3565 1020 3642 diutinam,
1050 3563 1389 3630 sententia
1432 3585 1554 3652 pro
1599 3569 1788 3651 parte
1835 3563 2371 3652 Eleemosynarii,
2414 3573 2688 3655 propter

584 3671 624 3703 ‘⁴
669 3665 1101 3732 sufficientem
1160 3666 1233 3730 in
1292 3687 1373 3731 ea
1410 3658 1618 3752 'parte
1667 3665 2060 3753 scripturam
2110 3666 2424 3750 habitam,
2472 3671 2687 3736 veluti

593 3775 629 3805 “
672 3766 1030 3834 videbatur
1055 3789 1177 3854 pro
1222 3772 1385 3833 tunc
1416 3767 1654 3849 Ouriae,
1682 3766 1796 3834 ille
1836 3790 1993 3835 mox
2037 3768 2296 3852 Rector,
2329 3771 2686 3858 impetrato

588 3876 627 3905 “
678 3868 861 3936 brevi
892 3889 1088 3958 super
1130 3891 1365 3952 errore,
1405 3869 1479 3933 in
1517 3891 1821 3958 processu
1850 3871 2135 3937 removit
2164 3873 2349 3938 litem
2383 3873 2566 3939 illam
2598 3875 2685 3940 ad

586 3980 625 4009 “
667 3973 967 4038 Bancum
1014 3971 1333 4057 Regium3
1377 3970 1605 4059 ibique
1653 3973 1919 4039 demum
1964 3994 2041 4039 eo
2085 3975 2383 4061 probato,
2416 3980 2687 4062 propter

587 4080 625 4110 “
670 4073 999 4140 defectum
1059 4073 1260 4160 sigilli
1322 4074 1662 4141 donatoris
1715 4074 1791 4139 in
1849 4074 2312 4141 inactitatione
2373 4077 2688 4162 composi-

584 4182 621 4212 “
665 4176 888 4257 tionis,
920 4176 1309 4262 impetravit
1336 4178 1663 4264 posterius
1706 4181 1940 4242 contra
1976 4176 2226 4242 dictum
2260 4174 2288 4214 ²
2308 4177 2687 4266 Eleemosy-

583 4287 619 4316 “
647 4277 924 4344 narium
970 4279 1378 4366 propositum
1426 4301 1635 4345 suum.
1731 4279 1969 4359 Quare,
1999 4278 2249 4347 Doctor
2295 4280 2687 4362 doctissime,

587 4386 623 4417 “
669 4402 817 4446 cum
863 4379 974 4447 lex
1026 4381 1215 4469 regni
1266 4381 1360 4448 sit
1409 4387 1639 4448 nostro
1690 4381 2225 4469 Eleemosynario
2277 4384 2351 4448 in
2393 4406 2472 4449 ea
2499 4390 2689 4472 parte

582 4488 620 4545 ἕ*
665 4479 694 4520 ³
708 4482 1060 4565 contraria,
1108 4505 1229 4550 nec
1281 4487 1384 4550 est
1432 4504 1580 4572 spes
1630 4483 1771 4550 ulla
1817 4484 2255 4572 recuperandi
2306 4485 2687 4572 pensionem

652 4687 669 4721 ¹
692 4689 1008 4742 Asterwards
1030 4689 1225 4756 Bishop
1247 4690 1309 4741 of
1334 4690 1469 4742 Bath
1493 4692 1592 4743 and
1750 4692 1771 4722 ²
1791 4688 2202 4741 Elmsinarim
2223 4690 2277 4742 in
2299 4690 2398 4745 MS

584 4766 758 4821 wells.
1751 4771 1772 4802 ⁸
1793 4771 1982 4821 cona-ia
2005 4769 2060 4820 in
2079 4770 2193 4825 MS.
