3467 5717
1369 789 1615 842 emon
1658 791 1944 847 ALBANI.
2298 802 2308 812 ·
2585 785 2720 857 297

611 984 651 1014 “
695 978 976 1046 incurrit
1035 979 1179 1067 ipso
1238 981 1430 1059 facto,
1475 983 1849 1069 quicunque
1915 1005 2000 1049 ex
2058 984 2256 1069 plena
2314 988 2588 1053 scientia
2646 994 2714 1057 et
2741 1011 3049 1068 A.n.1⁴3o,1.

611 1086 649 1116 “
693 1081 1045 1149 voluntate
1092 1082 1458 1150 deliberata
1485 1107 1564 1150 ea
1592 1085 1679 1150 ad
1708 1085 1916 1150 alium
1958 1108 2148 1151 usum
2196 1088 2483 1176 applicat
2512 1113 2711 1176 quam

613 1191 649 1219 “
684 1185 826 1269 jam
874 1186 1295 1272 applicantur
1338 1187 1410 1252 in
1455 1187 1577 1253 hoc
1622 1189 1957 1274 praemisso
2002 1189 2247 1277 scripto
2290 1199 2533 1261 nostro.

699 1298 733 1327 ‘⁶
765 1292 932 1357 Tum
983 1293 1534 1379 secimdo,—quia
1576 1296 1977 1361 sententiam
2018 1299 2712 1366 excommunicationis

611 1400 649 1430 “
693 1394 976 1460 incurrit
1019 1395 1162 1482 ipso
1196 1394 1366 1480 jure,
1414 1396 1529 1482 qui
1580 1395 1781 1462 finale
1824 1397 1992 1463 velle
2050 1398 2360 1485 infringit
2418 1402 2709 1487 alicujus,

607 1504 646 1533 “
692 1505 762 1561 et
805 1498 1130 1584 praecipue
1189 1497 1437 1585 proprii
1489 1499 1713 1584 patris,
1759 1499 2029 1584 ejusque
2074 1505 2548 1569 testamentum
2595 1528 2710 1570 no-

609 1606 643 1634 “
690 1599 1048 1677 vissimum,
1095 1599 1303 1686 quale,
1358 1601 1427 1664 in
1473 1606 1800 1686 quantum
1847 1601 2208 1687 poterimus
2254 1603 2335 1668 de
2370 1605 2542 1690 jure,
2591 1606 2711 1672 hoc

607 1706 642 1734 “
688 1700 989 1766 volumus
1034 1722 1171 1766 esse
1215 1705 1533 1780 nostrum,
1582 1701 1825 1767 nititur
1870 1702 2218 1771 infirmare.

692 1809 727 1838 “
759 1804 927 1868 Tum
975 1802 1266 1883 tertio,—--
1282 1803 1439 1889 quia
1498 1804 1675 1869 bona
1732 1803 1850 1869 illa
1910 1805 2133 1870 omnia
2189 1828 2340 1893 quae
2399 1809 2591 1874 nobis
2635 1810 2706 1874 in

598 1913 638 1939 “
681 1905 875 1970 dictis
907 1904 1457 1972 ordinationibus
1486 1910 1645 1971 sunt
1675 1906 1989 1992 impensa,
2025 1906 2500 1995 ¹praeterquam
2532 1910 2708 1977 bona

600 2013 635 2042 ‘⁴
681 2007 763 2071 de
807 2007 1100 2073 manerio
1146 2006 1228 2073 de
1273 2006 1559 2073 Gorham
1607 2012 1676 2073 et
1728 2008 1813 2072 de
1865 2008 2048 2073 Bello
2101 2009 2289 2087 Loco,
2338 2032 2486 2097 quae
2547 2021 2706 2079 sunt

601 2117 639 2146 ‘⁸
688 2111 981 2196 antiqua,
1026 2110 1192 2175 adeo
1236 2132 1398 2197 pure
1445 2114 1514 2175 et
1557 2109 1862 2175 absolute
1915 2111 2214 2177 existunt
2259 2113 2343 2177 de
2387 2116 2703 2200 perquisi-

600 2220 637 2247 “
682 2213 864 2278 tione
909 2219 1153 2293 nostra,
1202 2218 1281 2277 ut
1326 2234 1461 2277 non
1506 2213 1596 2276 sit
1641 2212 1883 2297 aliquis
1917 2218 2225 2290 vestrum,
2257 2215 2370 2300 qui
2417 2237 2703 2304 congrue

600 2324 636 2351 “
682 2315 896 2380 dicere
941 2316 1187 2402 poterit
1232 2316 1408 2400 quod
1463 2314 1633 2379 circa
1677 2335 1909 2379 eorum
1963 2316 2504 2402 perquisitionem
2550 2317 2577 2357 2
2599 2342 2703 2384 as·

600 2424 637 2453 “
680 2439 817 2482 sem
863 2417 1258 2504 exposuerit,
1290 2417 1397 2483 vol
1444 2438 1649 2482 unum
1695 2418 2136 2503 quadrantem
2182 2419 2551 2499 minimum,
2582 2426 2700 2487 aut

599 2526 633 2556 “
682 2520 1016 2605 expendit.
1110 2520 1434 2584 Minorem
1492 2519 1705 2606 igitur
1764 2520 1838 2583 in
1899 2520 2175 2606 decuplo
2220 2520 2479 2586 habetis
2545 2545 2698 2589 auc-

596 2628 633 2657 “
675 2623 1035 2700 toritatem,
1095 2643 1180 2686 ex
1232 2622 1375 2706 lege
1427 2621 1860 2700 conscientiae,
1908 2621 1994 2686 ad
2039 2621 2530 2689 immutandum
2575 2623 2691 2690 ³in

596 2732 634 2761 “
679 2731 1010 2812 posterum
1079 2728 1378 2790 nostrum
1450 2724 1630 2805 velle,
1678 2723 1990 2808 majorem
2041 2745 2196 2788 vero
2262 2723 2330 2788 in
2388 2728 2695 2814 centuplo

591 2836 629 2863 “
676 2828 1125 2892 necessitatem
1174 2826 1259 2891 ad
1319 2825 1800 2892 observandum
1864 2827 2082 2913 ipsum
2151 2827 2696 2914 irrefragabiliter

592 2939 627 2965 “
672 2929 783 2994 ⁴in
827 2934 1219 3016 perpetuum
1264 2933 1335 2994 et
1378 2929 1518 2993 sine
1561 2928 1710 2996 fine.

683 3032 898 3098 “Tum
930 3031 1430 3118 quart0,-quia
1462 3030 1669 3115 juxta
1710 3030 1887 3115 leges
1932 3030 2158 3096 civiles
2188 3030 2482 3098 datorius
2514 3039 2694 3100 tene-

590 3145 625 3173 “
668 3140 783 3200 tur
825 3135 1009 3220 sequi
1077 3134 1152 3198 in
1218 3133 1572 3198 donatione
1617 3132 2033 3197 voluntatem
2088 3133 2465 3213 donatoris;
2530 3134 2558 3171 ⁸
2579 3138 2692 3202 sed

591 3244 626 3273 “
672 3236 981 3302 voluntas
1056 3240 1157 3301 eet
1215 3235 1466 3301 datoris
1526 3235 1702 3321 quod
1772 3238 2121 3299 serventur
2186 3234 2696 3305 immutabiliter

592 3347 628 3375 “
673 3337 787 3403 ³in
832 3343 1187 3425 posterum,
1249 3359 1387 3417 1166,
1451 3337 1687 3423 quavis
1764 3340 2046 3422 urgente
2120 3336 2530 3419 necessitate,
2606 3341 2693 3406 ad

590 3449 628 3478 “
673 3442 876 3507 alium
908 3440 1319 3527 applicentur
1362 3459 1554 3503 usum
1586 3459 1786 3524 quam
1817 3438 1909 3503 sit
1938 3438 2236 3525 superius
2296 3439 2644 3506 recitatum
2671 3467 2689 3519 ;

587 3551 625 3580 “
669 3543 1035 3609 cavendum
1080 3545 1183 3608 est
1228 3541 1436 3628 igitur
1495 3540 1884 3628 diligentius
1927 3563 1970 3606 a
2013 3545 2282 3627 peccato
2328 3546 2691 3631 transgres-

585 3656 621 3682 “
666 3646 884 3713 sioniS.

678 3754 714 3783 “
737 3749 906 3813 Tum
952 3746 1456 3833 quinto,-—quia
1500 3744 1629 3826 ille,
1666 3745 1871 3830 juxta
1899 3746 2073 3833 leges
2126 3744 2495 3834 Evangelii,
2551 3769 2688 3815 me-

584 3858 622 3887 “
668 3855 853 3916 retur
881 3849 1296 3915 commissum
1327 3847 1455 3913 sibi
1500 3847 1832 3914 talentum
1880 3849 2204 3929 amittere,
2236 3849 2369 3934 qui,
2417 3849 2686 3914 abscon-

584 3961 621 3990 “
666 3953 828 4018 dens
869 3949 896 3989 ⁶
918 3950 1088 4016 illud
1145 3950 1219 4014 in
1279 3954 1475 4030 terra,
1521 3971 1642 4017 nec
1692 3950 1862 4031 vult,
1923 3949 2286 4015 secundum
2349 3951 2684 4016 intentum

585 4062 622 4091 ‘⁴
668 4053 1160 4131 committentis,
1190 4052 1279 4117 acl
1307 4074 1603 4119 mensam
1634 4051 2053 4116 Dominicam
2086 4050 2433 4138 applicare.
2513 4050 2682 4118 ³Sed

580 4165 618 4195 ‘⁸
662 4158 787 4223 hoc
831 4156 1006 4244 quod
1049 4177 1227 4222 nunc
1269 4155 1461 4221 vobis
1504 4176 1621 4242 per
1664 4175 1786 4219 nos
1847 4152 2304 4232 committitur,
2350 4156 2452 4218 est
2496 4155 2681 4239 quasi

632 4462 1581 4528 ‘Thenevords‚proeta·quoen....
1736 4455 2265 4524 Numantinus.

574 4546 802 4607 antiqua,
823 4557 910 4593 are
931 4542 1091 4592 added
1113 4541 1165 4591 in
1187 4541 1273 4592 the
1296 4539 1512 4604 margin.
1735 4538 1759 4569 ⁴
1782 4538 2128 4603 imperpetuum
2151 4535 2204 4586 in
2225 4535 2340 4587 MS.

627 4622 650 4655 ²
673 4621 748 4672 vel
793 4637 950 4671 assem
1005 4620 1301 4685 exposuerit,
1346 4634 1491 4668 unum
1527 4617 1577 4667 in
1737 4618 1759 4649 ὅ
1781 4623 1855 4666 set
1877 4616 1932 4666 in
1954 4615 2069 4666 MS.

570 4702 685 4757 ΜΒ.
1736 4695 1759 4728 ⁶
1781 4693 2023 4746 Manlum
2044 4710 2168 4747 xxv,
2197 4699 2271 4745 18.
