3467 5717
1301 848 1549 899 Simon
1596 847 1870 898 ALBANI.
2513 838 2638 900 301

533 1042 891 1124 gentesque
967 1057 1089 1122 pro
1161 1041 1324 1101 tunc
1407 1034 1655 1101 instare
1740 1039 2005 1122 tempus
2079 1033 2433 1100 1idoneum
2516 1055 2646 1120 quo
2678 1046 2988 1102 A.1›·1⁴31‚2.

538 1139 761 1204 odium
807 1137 967 1204 olim
1014 1142 1401 1223 conceptum
1451 1158 1740 1224 expuere
1784 1141 2070 1225 possent,
2105 1136 2493 1223 irritareque
2537 1158 2647 1202 cor
2675 1123 2786 1175 The
2811 1126 2986 1191 people

536 1241 843 1308 Praesulis
887 1228 1120 1308 contra
1164 1240 1475 1320 Priorem,
1522 1262 1680 1306 mox
1732 1241 2064 1327 pedestres
2109 1262 2332 1306 omnes
2360 1260 2647 1306 occurre-
2674 1191 2831 1322 ἓξὲξ
2840 1192 2988 1309 12¹3ss

538 1350 700 1409 runt
743 1344 806 1410 ei
853 1344 1137 1421 obviam,
1179 1342 1662 1430 praemissisque
1708 1342 1931 1408 verbis
1996 1342 2420 1422 salutatoriis,
2467 1344 2647 1408 intu-
2674 1325 2867 1455 ἓξὲξ
2865 1407 2942 1443 re-

539 1446 763 1512 lerunt
826 1446 921 1511 illi
986 1447 1312 1534 posterius
1372 1467 1489 1533 per
1540 1445 1716 1511 hunc
1762 1445 2032 1510 modum
2060 1450 2206 1507 :—“
2238 1444 2650 1511 Venerabilis
2678 1464 2942 1511 seuunent.

540 1552 576 1583 “
625 1548 929 1629 Domine,
962 1553 1291 1635 et‘pastor
1332 1547 1677 1635 magnifice
1700 1546 1868 1628 ;—-si
1913 1546 2106 1612 nobis
2151 1547 2432 1612 fuissent
2476 1570 2651 1613 cam-

542 1657 581 1687 “
627 1673 831 1738 panse,
892 1649 1327 1716 voluissemus
1399 1649 1623 1716 animo
1698 1646 2141 1716 libentissimo
2214 1654 2446 1716 contra
2504 1672 2650 1715 ves·

543 1758 584 1788 “
629 1757 800 1818 tram
877 1751 1318 1818 reverentiam
1395 1752 1922 1818 reverentialiter
1996 1753 2451 1839 compulsasse.
2576 1752 2650 1817 Si

541 1860 579 1891 “
623 1854 931 1921 adessent
989 1854 1409 1934 vestimenta,
1474 1855 1881 1921 venissemus
1940 1853 2520 1942 processionaliter,
2582 1857 2651 1918 et

537 1963 575 1992 “
619 1978 1036 2043 nequaquam
1089 1955 1216 2022 sub
1276 1956 1402 2022 hac
1446 1955 1652 2021 rurali
1702 1956 1930 2023 forma.
2019 1956 2093 2021 Si
2153 1956 2421 2043 propria
2478 1955 2646 2020 foret

540 2065 575 2095 “
621 2059 811 2126 nobis
878 2059 1164 2137 ecclesia,
1234 2059 1741 2125 conduceremus
1807 2080 1925 2125 vos
2000 2057 2086 2122 ad
2152 2057 2379 2144 ipsam,
2445 2057 2655 2123 intro·

543 2167 581 2198 “
627 2161 1140 2248 duceremusque
1164 2157 1466 2227 'interius
1509 2181 1715 2246 usque
1771 2158 1857 2225 ad
1921 2158 2320 2225 Sanctorum
2382 2159 2651 2225 Sancta.

544 2271 582 2300 “
629 2261 806 2329 2Sed
851 2262 1012 2348 quia
1052 2262 1233 2328 locus
1276 2261 1403 2328 iste
1448 2284 1640 2348 quem
1698 2260 1966 2339 cernitis
2011 2261 2191 2327 locus
2239 2266 2342 2327 est
2389 2282 2654 2347 exemp-

543 2370 582 2401 “
627 2368 758 2445 tuS,
818 2367 1108 2448 suntque
1170 2362 1313 2429 haec
1375 2363 1612 2443 omnia,
1671 2384 1822 2449 quae
1885 2363 2082 2429 modo
2146 2362 2456 2445 diximus,
2518 2385 2655 2428 non

542 2476 576 2502 “
621 2471 866 2546 nostra,
934 2463 961 2503 ²
981 2465 1096 2531 sed
1142 2464 1305 2531 satis
1366 2463 1621 2530 indocti
1681 2464 1951 2543 Prioris,
1998 2463 2149 2530 ideo
2210 2465 2656 2553 supplicamus

539 2577 576 2605 “
623 2567 959 2648 humilius,
996 2590 1146 2633 cum
1190 2589 1328 2634 non
1371 2568 1547 2633 desit
1591 2567 1785 2633 nobis
1830 2568 2007 2633 bona
2049 2569 2379 2646 voluntas,
2413 2567 2656 2633 habeat

544 2681 575 2708 “
623 2670 989 2738 dominatio
1018 2676 1243 2737 vestra
1270 2675 1531 2737 nostras
1560 2670 1907 2751 ruditateS,
1939 2677 2207 2759 propter
2237 2664 2650 2738 omissionem

545 2782 579 2810 “
625 2775 843 2856 talem,
900 2774 1190 2861 plenarie
1252 2779 1613 2842 excusatas.
1720 2774 1926 2853 Alias,
1975 2796 2091 2861 per
2156 2775 2284 2840 Dei
2345 2775 2651 2862 gratiam,

542 2884 581 2914 “
626 2877 798 2943 diem
844 2876 1034 2943 illum
1079 2875 1472 2956 videbimus,
1511 2883 1581 2943 et
1624 2876 1876 2956 horam,
1914 2877 2157 2963 quibus
2202 2879 2411 2965 magis
2456 2879 2657 2945 hono-

543 2987 580 3015 “
623 2978 803 3045 riflce
843 2978 1234 3059 habebimus
1279 2979 1630 3044 admittere
1677 2978 2196 3044 dominationem
2245 2979 2592 3046 vestram.'’

634 3080 899 3159 Praesul,
959 3081 1105 3148 haec
1164 3078 1374 3146 verba
1435 3080 1727 3159 audiens,
1790 3085 2012 3167 grates
2080 3079 2175 3145 eis
2242 3102 2362 3168 pro
2431 3104 2657 3148 eorum
2680 3083 2920 3163 13¹&ssssss-

543 3181 1021 3250 benevolentiis
1084 3181 1411 3262 exhibuit,
1458 3182 1900 3268 salutatisque
1961 3181 2241 3270 singulis
2307 3184 2378 3248 in
2449 3184 2658 3252 forma
2682 3151 2990 3282 {3²13}ssss

543 3285 739 3374 pacis,
784 3284 1119 3372 equitavit
1184 3306 1303 3372 per
1367 3283 1551 3351 villae
1626 3283 1922 3349 medium
1999 3305 2204 3371 usque
2278 3285 2364 3350 ad
2440 3284 2657 3353 locum
2682 3283 2901 3336 &0³0⁰-

544 3389 733 3455 illum
799 3410 994 3475 quem
1055 3388 1199 3475 ipso
1260 3385 1368 3453 die
1423 3408 1543 3473 pro
1603 3408 1726 3452 sua
1787 3385 2219 3473 inquisitione
2286 3387 2654 3475 deputavit.

545 3491 875 3577 Equitans
921 3490 1266 3577 siquidem,
1329 3493 1398 3555 et
1459 3489 1547 3554 ad
1606 3494 1900 3557 mentem
1975 3488 2357 3578 recolligens
2432 3492 2658 3578 qualia

545 3594 750 3660 verba
777 3593 1012 3659 villani
1058 3592 1187 3659 sibi
1229 3592 1538 3673 dicerent,
1573 3592 1990 3680 qualiterque
2036 3597 2174 3658 tam
2221 3593 2414 3659 Prior
2457 3617 2656 3681 quam

543 3695 647 3761 sui
695 3695 1056 3762 confratres
1100 3700 1527 3762 retraxerunt
1571 3716 1640 3760 se
1685 3716 1729 3759 a
1772 3716 1897 3760 sua
1941 3695 2312 3781 praesentia,
2354 3718 2478 3762 nec
2525 3697 2654 3764 sibi

543 3797 752 3863 ullam
828 3796 1308 3864 humanitatem
1386 3795 1694 3863 exhibere
1785 3798 2125 3877 curabant,
2193 3820 2352 3864 mox
2427 3804 2658 3866 contra

543 3898 720 3985 ipsos
764 3921 1004 3978 omnes,
1036 3905 1106 3965 et
1150 3900 1493 3986 signanter
1528 3904 1763 3966 contra
1792 3899 2103 3977 Priorem,
2136 3898 2163 3937 ⁸
2181 3899 2510 3966 choleram
2555 3901 2658 3966 in·-

546 4000 952 4089 dignationis
997 4002 1311 4089 concepit.
1403 4001 1797 4068 Pertransiit
1855 4005 2084 4067 tamen
2142 4000 2654 4082 dissimulanter,

547 4124 666 4169 nec
718 4103 935 4170 adhuc
985 4107 1219 4170 contra
1269 4102 1411 4189 ejus
1457 4103 1899 4170 stoliditatem
1946 4102 2034 4166 ad
2086 4101 2160 4167 id
2211 4107 2475 4189 tempus
2526 4104 2656 4169 elo-

547 4209 739 4270 cutus
784 4205 932 4274 fuit.

634 4300 920 4373 Demum
986 4306 1209 4395 igitur,
1273 4330 1423 4374 cum
1488 4306 1778 4374 venisset
1839 4312 2103 4394 tempus
2163 4306 2332 4373 illud
2391 4307 2465 4373 in
2525 4330 2657 4396 quo
2685 4316 2748 4366 In
2763 4331 2998 4395 revque,

546 4409 894 4497 oportebat
946 4431 1098 4475 eum
1151 4408 1430 4475 scribere
1490 4409 1750 4474 litteras
1800 4408 2264 4487 mandatorias,
2325 4414 2396 4474 et
2454 4410 2659 4498 depu·
2683 4383 2997 4501 ffie⁸ffiffit⁸

556 4585 637 4596 α’*

612 4687 629 4723 ¹
647 4688 883 4756 ydoneus·
906 4688 963 4741 in
983 4690 1098 4743 MS.
1719 4688 1744 4724 ³
1764 4689 1967 4744 coleram
1989 4689 2044 4743 in
2064 4689 2179 4744 MS.

612 4769 634 4800 ²
658 4770 748 4821 Set
766 4768 821 4821 in
841 4770 959 4823 MS.
