3467 5717
802 801 934 868 228
1473 812 1794 866 ANNALns
1835 810 2257 865 nonas-rnen
2371 766 2377 770 ⁶

466 1018 775 1076 A.1>.1426‚7.
801 1009 837 1037 “
884 1000 967 1065 de
1013 998 1309 1064 clavibus
1340 998 1668 1078 Ecclesiae,
1718 999 1803 1064 de
1848 999 2312 1079 Sacramentis,
2355 999 2717 1079 ordinibus,
2764 997 2902 1064 offi-

800 1110 838 1138 “
884 1102 1022 1182 ciis,
1094 1100 1406 1179 censuris,
1470 1100 1919 1188 indulgentiis,
1980 1101 2405 1187 reliquiisque
2465 1101 2901 1181 Sanctorumg

804 1212 838 1241 ‘⁴
884 1226 960 1269 ac
1004 1204 1279 1289 insuper
1332 1203 1416 1268 de
1462 1203 1705 1269 ritibus
1753 1209 1823 1270 et
1867 1203 2283 1282 caerimoniis,
2328 1203 2734 1290 singulisque
2780 1204 2904 1267 Ec·-

804 1312 840 1341 “
888 1306 1100 1372 clesiae
1148 1305 1591 1383 libertatibus,
1641 1306 2196 1391 quemadmodum
2240 1305 2442 1371 Sedes
2505 1304 2902 1392 Apostolica,

798 1416 838 1443 “
882 1408 1226 1493 sanctique
1271 1412 1499 1494 patres
1543 1408 1618 1472 in
1663 1408 1800 1473 suis
1846 1406 2174 1488 Conciliis,
2224 1409 2652 1474 decreverant
2704 1406 2900 1485 credi,

802 1516 841 1545 “
886 1507 1424 1595 diffinierantque
1471 1509 1701 1576 teneri.
2038 1595 2041 1600 ,

889 1619 925 1647 “
943 1613 991 1678 J
995 1634 1112 1678 uro
1143 1613 1411 1698 insuper
1438 1633 1558 1699 per
1586 1611 1902 1678 Sanctam
1931 1611 2348 1693 Trinitatem,
2393 1616 2462 1678 et
2505 1633 2623 1698 per
2647 1633 2901 1677 sacrum

800 1721 838 1750 “
884 1712 1132 1779 Christi
1196 1713 1655 1801 Evangelium‚
1701 1736 1808 1780 me
1850 1715 1924 1778 in
1983 1715 2271 1781 veritate
2329 1713 2687 1781 Catholicae
2746 1714 2903 1778 fidei

796 1820 836 1851 “
881 1835 1136 1902 semper
1211 1820 1279 1881 et
1339 1815 1481 1879 sine
1558 1815 1766 1880 dubio
1844 1837 2343 1902 permansurum
2401 1817 2471 1881 in
2545 1822 2899 1903 posterum,

800 1922 841 1954 “
884 1938 1553 2003 unumquemqueque
1620 1918 1736 2003 qui
1806 1922 2037 1983 contra
2111 1919 2281 1984 hanc
2352 1939 2598 1984 sacram
2654 1918 2903 1984 doctri-

800 2024 838 2055 “
883 2039 1041 2083 nam
1096 2019 1603 2097 contravenerit,
1652 2025 1905 2085 aeterno
1972 2019 2391 2085 anathemate
2440 2019 2573 2084 fore
2639 2020 2901 2085 aestimo

801 2127 838 2157 “
883 2121 1177 2208 dignum.
1268 2120 1637 2207 Judicoque
1683 2121 2027 2208 meipsum,
2076 2123 2134 2187 si
2180 2144 2284 2188 me
2329 2122 2692 2207 contingat,
2725 2122 2903 2207 quod

804 2229 840 2259 “
885 2222 1077 2300 absit,
1109 2223 1182 2288 in
1213 2228 1551 2310 posterum
1599 2223 1754 2289 huic
1799 2223 2119 2291 doctrinae
2164 2245 2365 2291 sacrae
2409 2224 2903 2310 quomodolibet

805 2330 842 2359 “
884 2324 1361 2402 contravenire,
1421 2324 1623 2390 simili
1669 2326 2005 2391 sententia
2062 2326 2368 2392 similiter
2428 2326 2568 2391 fore
2612 2326 2902 2413 dignum.

804 2432 838 2461 “
887 2423 1131 2492 Fateor
1174 2428 1401 2512 itaque
1432 2449 1539 2493 me
1569 2429 1866 2515 graviter
1911 2428 2127 2494 Deum
2173 2428 2537 2508 offendisse,
2570 2433 2641 2494 et
2686 2428 2903 2494 Eccle-

802 2534 842 2566 “
887 2528 1072 2609 siam,
1120 2528 1194 2593 in
1241 2528 1363 2595 hoc
1407 2531 1585 2616 quod
1630 2529 1877 2596 librum
1917 2531 2121 2598 talem
2165 2531 2459 2619 vulgaris
2506 2531 2901 2612 ¹idiomatis,

805 2635 841 2665 ‘⁶
887 2630 1029 2694 sine
1091 2631 1366 2697 licentia
1430 2637 1500 2696 et
1561 2632 1813 2719 praevia
1874 2633 2363 2698 examinatione
2409 2632 2767 2713 Ordinarii,
2832 2635 2904 2698 in

804 2739 844 2767 “
887 2753 1033 2797 mea
1114 2732 1520 2819 possessione
1601 2734 1812 2814 tenui,
1880 2733 2029 2821 legi,
2108 2738 2196 2815 et,
2265 2735 2417 2821 plus
2502 2756 2699 2821 quam
2764 2737 2905 2800 viro

803 2839 837 2869 “
884 2831 1229 2900 Catholico
1273 2834 1481 2912 licuit,
1527 2834 1677 2899 rudi
1723 2834 2022 2920 laicoque
2065 2836 2308 2923 populo
2352 2837 2696 2924 publicavi.

889 2946 926 2974 “
959 2937 1179 3018 Quare
1254 2938 1596 3004 humiliter
1668 2940 1935 3004 veniam
2003 2946 2177 3026 peto,
2253 2945 2323 3006 et
2393 2940 2718 3006 submitto
2795 2963 2901 3007 me

803 3044 841 3074 “
885 3038 1270 3105 obedienter
1328 3041 1716 3105 correctioni
1781 3041 2108 3119 Ecclesiae,
2160 3047 2538 3128 vestraeque
2612 3044 2905 3129 paterni-

801 3147 836 3176 “
881 3141 1044 3205 tatis
1096 3140 1506 3218 venerandae,
1551 3146 1897 3228 promptus
1966 3144 2038 3207 in
2101 3142 2426 3223 omnibus,
2473 3164 2549 3208 ac
2614 3150 2902 3230 paratus,

804 3247 840 3276 “
887 3241 1055 3307 hanc
1097 3243 1207 3308 vel
1252 3242 1370 3308 has
1414 3244 1638 3308 subire
1682 3244 2130 3331 poenitentias,
2163 3267 2328 3331 quas
2363 3237 2727 3332 paternalis
2771 3247 2902 3311 dis-

804 3350 841 3378 “
886 3343 1090 3410 cretio
1136 3345 1302 3410 mihi
1345 3344 1693 3432 injungere
1740 3346 2105 3414 decreverit
2148 3369 2268 3435 pro
2313 3349 2597 3435 peccatis
2641 3350 2858 3414 meis.”

1305 3655 1727 3724 Paenitentia
1772 3657 1993 3723 eidem
2043 3657 2382 3744 injuncta.

462 3810 698 3889 rengnce
892 3792 1044 3874 Qua
1106 3790 1132 3831 ²
1154 3793 1591 3860 submissione
1664 3794 1973 3874 admissa,
2021 3801 2091 3861 et
2154 3819 2437 3884 persona
2492 3797 2578 3862 ab
2648 3820 2905 3864 accusa-

461 3878 776 4008 {ssffssffdtssg'
802 3894 1002 3960 tionis
1044 3893 1313 3959 infamia
1367 3894 1779 3981 judicialiter
1824 3896 2144 3978 absoluta,
2192 3899 2490 3984 injunxit
2550 3901 2609 3965 ei
2658 3899 2904 3979 Abbas,

464 4009 655 4060 Abbot.
798 3998 872 4063 iu
940 3997 1391 4063 remissionem
1467 3997 1793 4062 commissi
1858 3998 2170 4078 criminis,
2231 4005 2312 4065 ut
2372 4000 2654 4087 singulis
2713 4002 2905 4067 annis

798 4122 913 4188 per
956 4099 1374 4188 septennium
1406 4099 1712 4164 visitaret
1741 4099 1941 4165 nudis
1985 4100 2265 4187 pedibus
2293 4099 2319 4139 ³
2338 4101 2906 4189 Protomartyrem

798 4204 1115 4268 Sanctum
1162 4200 1516 4282 Albanum,
1582 4203 1977 4288 ibidemque,
2026 4225 2142 4290 per
2187 4203 2477 4269 medium
2548 4205 2731 4271 chori
2777 4207 2907 4272 iter

799 4324 1021 4391 agens,
1066 4302 1334 4368 offerret
1379 4324 1636 4369 cereum
1682 4304 1755 4367 in
1808 4302 2125 4369 honorem
2187 4304 2418 4370 Sancti
2462 4306 2777 4391 ejusdem,
2824 4310 2904 4373 de

798 4405 1081 4491 pondere
1118 4403 1324 4470 librae.
1418 4404 1730 4489 Injunxit
1768 4405 1981 4471 eidem
2027 4408 2248 4486 etiam,
2297 4412 2377 4473 ut
2423 4408 2637 4474 tribus
2670 4409 2903 4475 diebus

1032 4554 1125 4561 ——.

2295 4558 2416 4565 ———

866 4636 882 4667 ¹
908 4633 1169 4698 ydioffltis
1190 4635 1243 4684 in
1263 4634 1376 4686 MS.
1964 4636 1985 4669 ³
2011 4635 2438 4689 bethamar-litem
2462 4640 2514 4691 in
2536 4640 2649 4693 MS.

865 4712 886 4745 ²
906 4714 1233 4763 summissione
1254 4713 1316 4764 in
1331 4712 1442 4766 MS.
