3467 5717
1412 829 1655 883 snum
1703 829 1977 885 mnu.
2422 853 2426 857 <
2628 825 2753 889 163

637 1022 674 1052 “
719 1016 1036 1085 Romanae
1081 1014 1394 1082 Ecclesiae
1434 1015 1822 1083 immediate
1866 1015 2165 1102 subjecti,
2211 1017 2476 1086 Ordinis
2520 1011 2917 1087 Sancti.A-D-
2944 1018 3091 1065 ¹⁴23·

632 1121 672 1154 “
714 1119 1077 1199 Benedicti,
1108 1117 1588 1185 Lineolniensis
1631 1119 1972 1199 Dioeoesis
2018 1141 2097 1187 ae
2138 1121 2459 1188 universis
2501 1128 2571 1189 et
2614 1123 2750 1189 sin-
2776 1091 2969 1208 &32¹¹
2996 1094 3059 1142 ν’

634 1225 670 1254 “
710 1222 888 1309 gulis
946 1220 1294 1288 Prioribus
1361 1224 1431 1287 et
1476 1219 1873 1288 Reotoribus
1931 1221 2373 1305 Prioratuum,
2420 1224 2750 1303 cellarum
2777 1222 2963 1308 1}be
2985 1226 3050 1315 οξ

630 1329 669 1356 “
712 1325 1133 1411 capellarum,
1178 1323 1579 1411 portionum,
1625 1328 1698 1389 et
1763 1322 2248 1409 beneficiorum,
2311 1347 2748 1413 quorumeun-
2777 1290 3089 1420 {itss'bffii’

631 1431 670 1463 “
718 1448 864 1513 que,
907 1427 993 1492 ab
1038 1426 1184 1515 ipso
1213 1424 1612 1492 monasterio
1657 1424 2198 1511 dependentium,
2231 1433 2352 1494 aut
2396 1429 2563 1495 alias
2607 1429 2750 1517 ipso
2776 1372 3003 1539 30¹0?oe
3020 1425 3084 1474 Οἳ

630 1533 669 1564 “
714 1528 1117 1606 monasterio
1175 1527 1635 1614 subjectorum,
1683 1525 1967 1591 salutem
2014 1531 2086 1592 et
2127 1528 2584 1614 Apostolicam
2636 1530 2749 1597 be-
2775 1504 3057 1621 fossmpgssf‘

634 1635 674 1665 “
714 1630 1175 1699 nediotionem.
1266 1628 1555 1695 Sincerae
1614 1626 1989 1694 devotionis
2048 1627 2348 1711 affectus,
2396 1652 2594 1718 quem
2654 1632 2745 1698 ad
2772 1624 2985 1686 mm
3016 1626 3085 1702 Β]

630 1738 666 1768 “
710 1753 831 1801 nos
874 1736 947 1799 et
988 1732 1353 1798 Romanam
1397 1727 1635 1817 geritis
1679 1728 2059 1809 Eccledam,
2106 1750 2245 1796 non
2286 1731 2565 1820 indigne
2606 1754 2744 1800 me-
2768 1688 3079 1805 &gom-

628 1840 665 1867 “
705 1837 907 1914 retur,
973 1837 1053 1898 ut
1118 1853 1229 1899 eas
1289 1830 1483 1897 vobis
1540 1829 2007 1897 favorabiliter
2071 1833 2523 1915 concedamus,
2588 1857 2739 1922 quae
2767 1819 2925 1938 ἓξὲξ
2935 1829 3003 1937 1‘0
3021 1891 3080 1939 ds

626 1942 660 1970 “
702 1935 943 2001 vestris
1003 1931 1593 2001 commoditatibus
1638 1932 1779 1998 fore
1825 1932 2262 2020 oonspicimus
2303 1933 2332 1975 ²
2348 1941 2743 2024 opportuna.
2767 1905 3061 2024 attingi-³15

629 2043 664 2072 “
706 2036 982 2103 Dudum
1026 2036 1350 2123 siquidem
1381 2034 1718 2122 quondam
1762 2033 2147 2102 Bonifaoius
2181 2034 2421 2103 Nonus
2450 2037 2632 2118 olim,
2668 2039 2742 2105 in
2768 2030 2895 2074 ‘0¹²‘-

630 2145 666 2175 “
712 2138 1114 2207 obedientia
1155 2160 1292 2217 sua,
1330 2137 1414 2204 de
1458 2158 1593 2224 qua
1633 2141 1860 2225 partes
1902 2136 2036 2204 illae
2082 2142 2244 2205 tune
2287 2146 2498 2223 erant,
2529 2141 2743 2208 nomi-

630 2248 665 2278 “
707 2245 930 2323 natus,
988 2240 1179 2307 vobis
1236 2243 1316 2306 ut
1377 2260 1603 2307 omnes
1644 2244 1716 2306 et
1758 2239 2056 2328 singulos
2099 2240 2372 2321 fructus,
2417 2243 2742 2331 redditae,

628 2347 665 2379 “
710 2347 780 2409 et
823 2348 1199 2431 proventus,
1228 2343 1681 2429 possessionen,
1711 2347 1785 2409 et
1812 2342 1947 2409 alia
1981 2342 2152 2429 jura,
2186 2342 2275 2410 ad
2319 2345 2740 2428 Monasteria,

627 2451 663 2481 “
707 2445 1065 2525 Prioratus,
1113 2444 1346 2526 Cellas,
1405 2445 1728 2525 eeclesias,
1773 2444 2075 2534 capellas,
2119 2446 2474 2534 portiones,
2520 2453 2588 2516 et
2625 2448 2740 2514 be-

627 2553 662 2585 “
707 2547 948 2614 neficia
991 2551 1218 2616 vestra
1263 2568 1694 2635 quaeeunque,
1740 2546 2160 2635 pertinentia,
2195 2549 2544 2635 quibusvis
2594 2568 2740 2637 per-

626 2655 660 2684 “
705 2650 903 2732 sonis,
948 2648 1154 2717 etiam
1196 2649 1404 2732 laicis,
1449 2671 1602 2715 cum
1646 2649 1887 2736 quibus
1931 2650 2378 2717 conditionem
2422 2656 2736 2734 vestram,

626 2758 664 2790 “
710 2774 788 2819 ao
831 2751 1407 2832 Monasteriorum,
1453 2752 1897 2835 Prioratuum,
1942 2752 2271 2836 cellarum,
2302 2752 2737 2833 eeclesiarum,

627 2859 666 2888 “
708 2854 1122 2942 eapellarum,
1196 2853 1599 2942 portionum,
1658 2856 1727 2920 et
1793 2853 2263 2921 beneficiorum
2336 2855 2737 2942 hujusmodi,

623 2961 658 2995 “
703 2957 952 3024 efficere
1016 2956 1297 3045 possetis
1357 2956 1715 3036 meliorem,
1776 2957 2146 3036 arrendare,
2213 2956 2445 3037 locare,
2508 2962 2579 3024 et
2652 2959 2741 3023 ad

625 3066 659 3093 “
703 3058 964 3126 firmam
1029 3059 1399 3141 eoncedere,
1459 3063 1663 3147 prout
1704 3057 1900 3125 vobis
1949 3058 2292 3126 videretur
2352 3058 2743 3138 faciendum,

629 3164 666 3195 ‘⁶
710 3159 918 3227 libere
979 3166 1052 3229 et
1117 3160 1300 3227 licite
1358 3159 1693 3241 valeretis,
1762 3180 1840 3226 ae
1900 3159 2148 3227 eisdem
2223 3161 2536 3248 personis,
2598 3166 2742 3227 tam

628 3266 665 3297 “
709 3262 963 3329 clericis
1006 3284 1206 3350 quam
1248 3262 1398 3330 aliis
1454 3262 1959 3349 quibuscunque
2005 3262 2368 3329 Catholicfis
2414 3263 2616 3342 laicis,
2661 3268 2742 3331 ut

628 3369 664 3403 “
711 3363 840 3451 ipsi
880 3386 1110 3431 omnes
1152 3370 1223 3431 et
1267 3365 1636 3452 singulares
1680 3363 2062 3451 hujusmodi
2104 3362 2375 3447 fructus,
2422 3364 2741 3443 redditus,

626 3475 660 3503 “
703 3472 775 3534 et
816 3472 1197 3556 proventus,
1241 3490 1285 3534 a
1327 3467 1522 3535 vobis
1567 3472 1639 3535 et
1682 3467 2015 3535 universis
2073 3466 2474 3554 supradictis
2531 3467 2737 3533 etiam

626 3575 665 3606 “
709 3570 796 3636 ad
823 3571 1087 3639 firmam
1131 3571 1420 3659 recipere
1462 3576 1535 3638 et
1565 3570 1873 3653 retinere,
1919 3574 2000 3637 ut
2028 3569 2397 3657 praefertur,
2427 3569 2636 3637 libere
2665 3575 2737 3637 et

624 3678 659 3707 “
704 3671 887 3739 licite
928 3673 1248 3754 valerent,
1294 3672 1779 3740 ordinariorum
1821 3673 2135 3757 locorum,
2182 3676 2252 3740 et
2295 3693 2735 3760 quorumeun-

622 3778 660 3810 “
706 3795 837 3861 que
865 3773 1166 3857 aliorum,
1193 3773 1481 3857 lieentia,
1510 3775 1653 3844 sive
1681 3796 2020 3859 consensu,
2050 3795 2251 3864 super
2291 3775 2414 3843 hoo
2457 3775 2733 3843 minime

622 3882 660 3913 “
708 3875 735 3916 Β
753 3878 1108 3966 requisitis,
1153 3878 1554 3946 auctoritate
1597 3878 1983 3968 Apostoliea
2010 3900 2129 3968 per
2170 3882 2381 3946 certas
2423 3900 2576 3946 suas
2618 3878 2733 3946 lit-

620 3984 660 4018 “
702 3983 882 4047 teras
925 3981 1145 4048 duxit·
1169 3981 1694 4070 indulgendum;
1736 4004 1814 4048 ao
1857 4001 2082 4048 omnes
2127 3986 2200 4047 et
2243 3980 2538 4068 singulos
2579 4002 2732 4068 pro-

622 4086 660 4118 “
704 4103 940 4165 sessus,
971 4088 1042 4151 et
1080 4084 1451 4151 sententias
1495 4080 2247 4152 exeommunieationum
2295 4085 2417 4148 aut
2460 4102 2733 4170 suspen-

621 4189 658 4221 “
703 4184 982 4269 simum,
1039 4186 1149 4253 vel
1191 4186 1555 4269 interdicti,
1600 4187 1677 4252 in
1736 4206 1859 4253 vos
1900 4183 2204 4266 forsitan,
2250 4182 2360 4250 vel
2418 4204 2731 4273 personas

622 4291 659 4323 ‘¹
703 4285 1103 4374 hujusmodi,
1170 4290 1510 4357 ooeasione
1573 4289 2081 4378 praemissorum,
2124 4308 2243 4376 per
2301 4308 2729 4375 quoscunque

617 4396 654 4425 “
697 4389 1256 4481 Arohiepiseopos‚
1331 4392 1707 4481 Episcopo&
1783 4392 2030 4459 aliosve
2111 4389 2499 4470 ordinarios,
2576 4413 2728 4478 pro·

618 4494 655 4527 ‘⁸
699 4492 1048 4581 mulgatos,
1095 4515 1214 4562 seu
1271 4494 1477 4561 etiam
1536 4494 2063 4583 promulgandos,
2125 4490 2353 4557 irritos
2411 4491 2722 4571 decrevit,

681 4767 698 4801 ¹
723 4776 964 4835 oportuna
985 4771 1040 4824 in
1062 4770 1177 4823 MS.
1659 4773 1669 4839 Ι
1764 4771 1788 4805 ²
1810 4768 1895 4823 Sic
1915 4769 1972 4819 in
1993 4767 2126 4832 MS„
2147 4766 2207 4819 in
2227 4769 2315 4823 the
2336 4769 2514 4836 plural.

2322 4866 2365 4916 Ι.
2409 4855 2453 4916 2
