3467 5717
1402 805 1644 860 smum
1689 805 1964 858 Annam.
2616 791 2741 867 169

631 1005 668 1034 “
714 1001 886 1064 tores
951 1016 1089 1062 non
1150 994 1310 1074 sint,
1378 994 1593 1061 alieno
1660 998 1891 1060 tamen
1956 993 2229 1060 facinori
2290 994 2742 1082 praedamnato
2765 989 2905 1042 ΑΒ·
2930 995 3081 1041 ¹⁴2³·

626 1106 664 1136 “
708 1120 896 1166 suam
941 1097 1478 1169 communionem
1522 1095 2043 1174 immiscuerunt,
2076 1096 2261 1162 nullo
2304 1096 2547 1163 eisdem
2576 1095 2597 1136 ¹
2626 1118 2742 1162 ex-

630 1209 668 1238 “
711 1200 1088 1288 emptionis,
1134 1199 1606 1280 immunitatis,
1635 1198 1992 1287 privilegii,
2022 1198 2281 1278 statuti,
2326 1199 2435 1264 vel
2477 1220 2741 1265 consue-

631 1310 666 1339 “
715 1301 975 1369 tudinis
1036 1300 1369 1389 praesidio,
1413 1300 1838 1388 suffragante.
1927 1300 2057 1366 Per
2114 1299 2285 1366 hanc
2343 1304 2571 1367 tamen
2629 1322 2743 1388 ap-

629 1411 666 1441 “
712 1403 1190 1492 probationem,
1234 1400 1800 1484 2declarationem,
1832 1405 2184 1479 statutum,
2214 1401 2357 1469 sive
2388 1403 2744 1484 decretum,

632 1514 669 1542 “
715 1529 849 1572 non
890 1505 1187 1572 intendit
1225 1504 1610 1592 privilefflis,
1647 1502 2248 1584 habilitationibus,
2287 1503 2747 1571 declarationi-

634 1616 670 1644 “
714 1609 855 1689 bus,
886 1606 914 1646 ³
935 1605 1476 1684 absolutionibus,
1509 1610 1580 1672 et
1596 1604 2222 1693 dispensationibus,
2242 1604 2745 1692 quibuscunque

630 1717 667 1745 “
713 1708 1002 1797 personis
1044 1730 1163 1797 per
1202 1706 1692 1774 sanctissimum
1742 1706 2091 1773 dominum
2140 1710 2459 1787 nostrum,
2493 1706 2740 1794 Papam

633 1820 669 1848 “
714 1810 1079 1877 Mat-tinum
1122 1809 1470 1892 Quintum,
1520 1809 1844 1876 concessis
1884 1815 1954 1874 et
2004 1809 2456 1891 concedendis,
2503 1809 2659 1897 praej
2669 1832 2741 1875 u-

630 1921 665 1949 “
710 1913 952 1979 dicium
997 1933 1334 2000 generare,
1380 1933 1500 1980 seu
1544 1910 1619 1978 in
1663 1910 1892 1997 aliquo
1936 1910 2267 1997 derogare.

1047 2228 1075 2269 4
1096 2226 1325 2295 Tertia
1371 2225 1743 2296 Ordinatio
1791 2225 2089 2295 aoncilii
2132 2226 2349 2295 illius

726 2403 989 2479 “,Item
1047 2401 1360 2487 quoniam
1431 2404 1701 2487 propter
1747 2398 2273 2489 ⁸negligentiam
2333 2402 2747 2488 quorundam
2774 2413 2933 2463 Third
2959 2418 3055 2465 or

631 2510 668 2537 “
713 2497 1257 2567 ordinariorum⁶
1274 2500 1748 2589 inquisitorum
1771 2501 2746 2590 deputatorum⁷exti1pationi
2770 2478 2994 2596 mm,

633 2612 668 2640 “
712 2603 1041 2669 haereticae
1083 2603 1460 2743 pravitatis,
1490 2602 1565 2668 in
1609 2602 1892 2669 diversis
1936 2602 2168 2670 mundi
2212 2604 2513 2692 partibus
2542 2605 2746 2672 variae
2770 2612 3081 2664 theco-men

640 2714 673 2741 “
718 2705 1068 2772 haeresium
1100 2703 1348 2791 species
1381 2702 1944 2791 ⁸‚pullulaverunt
1976 2705 2050 2771 in
2075 2727 2346 2792 gravem
2380 2706 2509 2773 Dei
2538 2708 2742 2779 offen-
2770 2677 2829 2729 οἱ
2846 2677 3053 2731 Sinum.

638 2817 673 2844 “
717 2830 875 2887 sam,
922 2806 1079 2872 fidei
1127 2805 1488 2872 Catholicae
1534 2805 2030 2887 detrimentum,
2076 2813 2146 2874 et
2190 2808 2552 2876 multarum
2597 2811 2742 2877 ani-

638 2918 673 2946 “
720 2930 973 2975 mamm
1003 2907 1464 2995 perditionem,
1507 2907 1739 2973 volens
1781 2907 1924 2975 haec
1960 2908 2208 2976 Sancta
2234 2908 2261 2948 ⁹
2285 2908 2598 2997 Synodus
2641 2934 2742 2980 re·

637 3019 675 3049 “
722 3011 1013 3077 medium
1056 3008 1390 3090 adhibere,
1444 3009 1689 3075 statuit
1747 3019 1945 3096 atque
1991 3011 2267 3077 mandat
2311 3012 2617 3080 omnibus
2676 3024 2747 3085 ot

638 3121 675 3150 “
722 3112 999 3200 singulis
1042 3111 1334 3178 locorum
1366 3111 1736 3190 ordinariis,
1767 3134 1844 3178 ac
1872 3110 2378 3199 inquisitoribus
2421 3115 2746 3183 haereticae

642 3222 677 3251 “
723 3213 1092 3302 pravitatis,
1114 3219 1209 3295 ut,
1240 3213 1494 3294 timore,
1525 3212 1769 3293 favore,
1793 3235 2032 3292 amore,
2061 3220 2132 3281 et
2154 3217 2323 3293 odio,
2347 3217 2747 3303 quibuscun-

638 3322 678 3373 ‘f
725 3339 856 3403 que
898 3316 1300 3403 postpositis,
1323 3316 1528 3402 juxta
1560 3316 1735 3403 juris
1775 3316 2058 3382 formam
2088 3314 2367 3384 sollicite
2395 3317 2750 3389 intendant

639 3416 1140 3506 “inquisitioni
1186 3423 1257 3484 et
1302 3418 1740 3535 extirpationi
1787 3417 2139 3485 haeresium
2187 3441 2753 3507 quarumcunque,

666 3526 799 3586 ‘et
841 3542 1042 3607 quam
1087 3519 1380 3607 primum
1445 3519 1544 3585 eis
1610 3516 1989 3587 constiterit
2058 3522 2130 3586 in
2175 3521 2333 3589 locis
2377 3545 2515 3590 suae
2548 3524 2750 3611 juris-

664 3621 1038 3688 ‘dictionis
1079 3619 1134 3660 ¹⁰
1160 3620 1420 3707 aliquos
1464 3618 1647 3688 dicta
1674 3621 1823 3689 labe
1852 3622 2128 3689 infectos
2172 3620 2476 3705 existere,
2520 3647 2747 3699 eorum

640 3729 680 3759 “
725 3722 1015 3811 captioni
1058 3727 1128 3790 et
1170 3722 1524 3810 punitioni
1566 3723 1942 3804 intendant,
1990 3726 2351 3793 secundum
2402 3731 2746 3798 canonicas

641 3833 676 3862 “
721 3824 1130 3906 sanctiones3
1174 3824 1482 3911 quodque
1547 3830 1625 3891 ut
1667 3824 2007 3893 favoribus
2055 3825 2103 3865 ¹¹
2126 3831 2515 3916 opportunis
2574 3833 2747 3899 circa

642 3934 676 3963 “
722 3926 865 3994 haec
928 3926 1173 3993 eisdem
1237 3925 1592 3993 ordinariis
1666 3932 1737 3994 et
1810 3927 2323 4015 inquisitoribus
2395 3932 2747 3999 assistatur

712 4166 1055 4278 ;esceptioni⁸
1074 4164 1129 4215 in
1152 4165 1239 4215 the
1269 4164 1511 4218 Concilio.
1808 4165 1830 4199 ⁶
1850 4175 1899 4218 ee
1919 4168 2582 4233 inquisitorum—Concita.

756 4253 804 4295 ee
823 4245 1213 4302 declarationem.
1216 4249 1531 4300 —Conm'lim
1808 4244 1831 4283 ⁷
1850 4247 2220 4314 extirpationem
2242 4249 2295 4301 in
2318 4249 2432 4303 MS.
2455 4272 2469 4309 z
2491 4256 2748 4306 corrected

710 4325 886 4377 3ἸἾιίο
928 4329 1031 4379 and
1064 4330 1149 4382 the
1184 4337 1311 4381 next
1346 4339 1449 4379 two
1487 4329 1656 4380 words
1737 4324 1869 4377 from
1891 4327 1979 4379 the
2006 4328 2246 4381 Concilia-

646 4420 732 4455 ure
753 4404 1001 4456 omitted
985 4422 1040 4457 m
1061 4408 1150 4459 the
1178 4407 1422 4460 concilia.
1805 4404 1827 4436 Β
1843 4405 2195 4470 pululaverant
2216 4409 2273 4457 in
2297 4408 2411 4460 ΜΒ.

711 4483 733 4516 ⁴
759 4483 1018 4536 Concedo
1059 4486 1467 4552 ἱπιάοιίρειιείαηιω
1484 4502 1655 4552 perae·
1695 4486 1701 4517 ¹
1805 4483 1828 4515 ⁹
1854 4484 2066 4535 sinodus
2087 4486 2145 4535 in
2167 4486 2282 4537 MS.

641 4562 886 4614 caloribus
907 4563 1455 4619 hmeicorm—'l'itle
1490 4566 1545 4618 iu
1569 4566 1656 4617 the
1809 4562 1848 4595 ¹⁰
1869 4563 2034 4628 aliquo
2051 4563 2105 4615 in
2127 4564 2242 4617 MS.
2269 4586 2285 4627 ς
2319 4570 2575 4619 corrected
2616 4568 2746 4620 from

651 4642 893 4696 concilia.
1740 4642 1825 4693 the
1853 4641 2093 4694 concilia.

713 4724 733 4752 ³
756 4720 1085 4789 necliqentiam
1107 4724 1161 4778 in
1185 4726 1296 4777 MS.
1810 4721 1845 4755 ¹¹
1866 4723 2119 4787 oportunis
2142 4722 2197 4775 in
2221 4724 2336 4781 MS.
