3467 5717
757 841 889 908 186
1418 850 1744 904 mum
1784 850 2211 905 MONASTERH

420 1060 557 1114 ΑΔ).
587 1065 730 1116 1424.
755 1049 796 1082 “
839 1066 961 1112 nec
1004 1041 1181 1111 diem
1241 1040 1530 1130 aliquem
1596 1040 1983 1109 canonicum
2050 1038 2571 1130 Septuageeimae
2637 1062 2868 1130 supra-

756 1154 796 1186 “
840 1148 1058 1230 dictae,
1135 1145 1302 1233 quin
1377 1144 1556 1233 ipsas
1631 1143 1935 1234 vigiliae,
2015 1148 2347 1233 quantum
2421 1146 2511 1212 ad
2588 1145 2870 1212 formam

755 1256 793 1289 “
832 1251 1092 1338 jejunii,
1155 1248 1520 1316 observetis
1581 1247 1888 1330 fideliter,
1950 1246 2337 1334 faciatisque
2402 1248 2489 1314 ab
2564 1249 2870 1314 omnibus

757 1358 796 1391 “
840 1353 1079 1440 quibus
1138 1351 1468 1418 incumbit
1525 1349 1959 1417 consimiliter
1997 1349 2351 1416 observari.
2431 1348 2534 1415 'In
2575 1349 2861 1431 Christo,

757 1458 792 1491 “
837 1476 987 1521 cum
1032 1454 1262 1520 divina
1305 1475 1382 1520 ac
1433 1457 1665 1519 nostra
1723 1452 2204 1532 benedictione,
2251 1452 2530 1519 feliciter
2591 1451 2611 1491 ¹
2635 1473 2868 1540 peren·

758 1564 795 1594 “
837 1556 1143 1643 nitetque
1187 1554 1461 1623 valete.”

418 1681 732 1813 erggsoedto
845 1673 1005 1740 Post
1046 1671 1189 1740 haee
1232 1691 1746 1737 commemorans
1791 1668 2011 1736 evasit
2055 1674 2224 1757 quot
2266 1670 2693 1758 peregrinans

420 1817 484 1866 be
505 1818 695 1868 „euim
847 1773 1177 1857 Fulmina,
1224 1777 1518 1861 quotque
1572 1772 1785 1852 nivea,
1827 1777 1996 1860 quot
2059 1772 2137 1839 in
2201 1794 2463 1861 aequore
2525 1770 2554 1809 ²
2573 1770 2869 1840 earmina

419 1883 452 1932 b
511 1884 600 1934 the
1165 1900 1168 1901 ⁷

420 1898 649 2067 ἓξὲξ,
935 1875 1323 2045 Infiggstfiei
1366 1977 1623 2045 cithara
1669 1976 1947 2065 psallere
1995 1977 2200 2066 eoepit
2242 1977 2445 2045 ita.—

421 2089 610 2133 return.

850 2112 885 2141 “
931 2104 992 2172 Ο
1036 2104 1154 2192 qui
1199 2106 1440 2169 cuneta
1481 2122 1679 2185 ereas,
1726 2102 1844 2189 qui
1885 2106 2081 2169 tanta
2124 2108 2346 2170 creata
2388 2104 2731 2191 gubernas,

848 2213 886 2245 “
932 2205 1066 2289 Qui
1110 2205 1273 2272 seris
1314 2226 1478 2271 arva
1521 2203 1662 2285 soli,
1708 2204 1829 2292 qui
1871 2204 2093 2271 volvis
2137 2205 2357 2273 sidera
2399 2205 2567 2288 eceli,

847 2315 888 2348 “
933 2308 1068 2392 Qui
1111 2309 1285 2397 regis
1337 2328 1533 2375 omne
1576 2306 1759 2394 quod
1802 2311 1925 2391 eet,
1973 2308 2090 2395 qui
2134 2309 2257 2375 dae
2302 2308 2617 2398 quicquid
2658 2309 2869 2377 ⁸mihi

1022 2415 1065 2449 ‘⁴
1106 2410 1397 2500 prodest,

850 2524 886 2553 “
929 2513 1039 2582 Sit
1082 2514 1214 2580 tibi
1255 2502 1419 2594 laus,
1463 2513 1493 2554 ⁴
1507 2512 1801 2601 hymnus
1845 2511 1995 2596 tibi,
2040 2513 2277 2603 gloria,
2318 2516 2554 2604 gratia,
2597 2517 2834 2601 cultae,

935 2623 973 2653 “
1016 2615 1109 2682 Et
1153 2615 1469 2704 quioquid
1509 2615 1745 2682 melius
1789 2637 1862 2683 oe
1904 2616 2106 2699 canit,
2153 2621 2275 2684 aut
2317 2618 2598 2687 animus·

847 2725 883 2756 “
929 2719 1032 2784 Tu
1077 2718 1281 2807 lapsis
1324 2718 1641 2806 requiem,
1689 2724 1771 2785 tu
1813 2717 2017 2806 lapsis
2060 2718 2310 2807 dasque
2343 2716 2686 2807 juvamen,

844 2829 880 2860 “
925 2821 1031 2887 Tu
1073 2821 1494 2888 stomachum
1539 2822 1773 2903 reficis,
1815 2820 2165 2909 languenti
2208 2828 2416 2910 tuque
2458 2826 2759 2907 mederiS,

930 2929 970 2961 “
1014 2924 1121 2990 Tu
1164 2923 1424 2990 eunctis
1469 2928 1711 2990 cuncta
1753 2923 2229 3011 distribuisque
2272 2926 2464 2995 bona.

841 3032 879 3065 “
921 3027 1027 3093 Tu
1069 3024 1098 3065 ⁸
1118 3025 1286 3093 mihi
1331 3027 1492 3108 dux,
1527 3025 1556 3065 ⁸
1574 3025 1744 3092 mihi
1785 3025 1927 3107 luz,
1971 3026 2143 3092 mihi
2183 3049 2319 3109 rex,
2348 3028 2517 3094 mihi
2560 3030 2672 3097 lex
2714 3053 2868 3119 gra—

1018 3135 1054 3165 “
1099 3127 1346 3212 diendi,

840 3235 879 3267 “
924 3230 1028 3296 Tu
1074 3230 1384 3318 solusque
1432 3231 1629 3314 salua,
1672 3234 1755 3297 tu
1798 3252 1939 3298 sors
1983 3231 2099 3320 pia
2140 3232 2580 3320 regrediendi,

852 3339 888 3370 “
934 3332 1038 3399 Tu
1082 3332 1389 3421 princeps
1431 3354 1793 3421 procerum,
1839 3338 1921 3400 tu
1963 3334 2210 3422 praesul
2253 3333 2282 3371 ⁶
2297 3337 2853 3423 presbyterorum,

840 3442 881 3473 “
923 3436 1027 3502 Tu
1070 3424 1298 3524 pastor
1341 3457 1667 3523 pecorum,
1713 3440 1794 3501 tu
1838 3438 2234 3524 praepositus
2293 3438 2867 3507 monachorum.—

845 3542 881 3574 “
929 3537 1149 3619 Quare
1191 3538 1517 3606 viatorem
1561 3538 2007 3625 timidumque
2050 3542 2299 3629 vagum
2342 3540 2725 3622 redientem,

845 3645 884 3674 “
926 3638 1196 3726 Suscipe
1225 3660 1332 3705 me
1359 3640 1774 3723 monachum,
1805 3640 2099 3728 patriam
2129 3646 2282 3730 poet
2311 3641 2457 3710 fata
2484 3650 2863 3732 petentem;

842 3742 881 3775 “
924 3738 1018 3805 Et
1060 3761 1239 3808 nunc
1282 3741 1720 3821 claustralem,
1767 3742 2101 3810 coelestem
2148 3747 2311 3810 tune
2352 3765 2512 3833 rogo
2556 3747 2788 3829 civem,

846 3843 884 3879 ‘⁴
928 3841 1193 3929 Faeque
1235 3843 1372 3909 frui
1413 3844 1563 3911 vita
1604 3848 1828 3912 tecum
1872 3845 2017 3912 sine
2062 3846 2198 3913 fine
2242 3846 2491 3915 beata?

824 4111 841 4144 ¹
856 4112 1258 4179 perhenniter-que
1279 4110 1333 4164 in
1355 4113 1467 4166 MS.
1922 4112 1945 4146 ⁸
1967 4113 2114 4164 michi
2131 4114 2185 4165 in
2207 4115 2319 4168 MS.

824 4193 847 4224 ¹
861 4191 947 4244 Sic
978 4191 1034 4241 in
1065 4191 1214 4252 Ms.;
1250 4193 1490 4244 intended
1510 4194 1756 4259 probably
1923 4190 1944 4224 ⁴
1963 4209 2172 4257 ympnus
2192 4192 2248 4244 in
2269 4194 2381 4246 MS.

754 4278 809 4320 to
830 4271 894 4320 be
914 4270 1169 4335 govemed
1188 4270 1260 4335 by
1278 4268 1580 4335 “psallam''
1922 4272 1946 4304 ⁶
1959 4271 2336 4337 presbiterorum
2359 4275 2414 4325 in
2435 4275 2549 4328 MS.
