3467 5717
727 820 855 882 156
1375 831 1696 882 ANNALES
1742 832 2167 883 MONASTERII

379 1023 758 1077 A.D.1423.“
802 1018 1091 1105 ipsisque
1150 1017 1335 1084 laicis
1397 1023 1477 1083 ut
1551 1017 1826 1097 fructuS,
1888 1023 1948 1083 et
2009 1022 2262 1098 coetera,
2322 1016 2700 1103 hujusmodi
2732 1000 2735 1007 ’
2764 1020 2837 1084 in

720 1126 755 1156 “
798 1122 1149 1187 arrendam
1212 1119 1498 1207 recipere
1566 1124 1636 1185 et
1701 1119 1991 1185 retinere
2051 1119 2302 1201 valent,
2352 1120 2835 1187 ordinariorum

717 1228 752 1257 “
796 1222 1107 1299 locorum,
1138 1227 1208 1288 et
1239 1242 1787 1309 quorumcunque
1831 1219 2134 1302 aliorum,
2163 1220 2440 1288 licentia
2484 1244 2683 1309 super
2709 1223 2833 1289 hoc

714 1330 751 1359 “
794 1324 1070 1390 minime
1115 1325 1449 1411 requisita,
1496 1345 1613 1411 per
1679 1345 1833 1390 suas
1876 1323 2134 1389 litteras
2176 1321 2204 1362 ¹
2222 1322 2423 1391 duxit
2482 1325 2831 1412 indulgen-

717 1432 751 1461 “
799 1427 979 1507 dum,
1025 1432 1225 1513 prout
1267 1426 1341 1491 in
1383 1427 1546 1514 ipsis
1612 1426 1856 1491 litteris
1900 1424 2162 1512 plenius
2206 1425 2604 1495 continetur.
2697 1427 2829 1494 Sed

715 1535 752 1563 “
797 1529 972 1615 quia,
1019 1529 1219 1594 Pater
1262 1528 1521 1606 Sancte,
1563 1529 1637 1594 in
1665 1527 1912 1593 litteris
1941 1527 2103 1614 ipsis
2133 1528 2217 1594 de
2263 1526 2455 1595 bonae
2499 1530 2831 1597 memoriae

712 1640 748 1669 “
797 1632 1068 1700 Ottonis
1114 1636 1185 1697 et
1231 1631 1576 1709 Ottoboni,
1603 1653 1679 1697 ac
1708 1630 1989 1696 aliorum
2018 1630 2092 1695 in
2123 1653 2327 1717 regno
2373 1632 2639 1720 Angliae
2671 1632 2827 1699 olim

715 1742 749 1770 “
796 1733 987 1801 Sedis
1016 1733 1416 1821 Apostolicae
1455 1733 1873 1821 Legatorum,
1904 1752 2161 1799 necnon
2192 1733 2346 1799 dein
2393 1734 2829 1801 Provinciali-

714 1846 750 1874 “
795 1837 937 1918 bus,
971 1835 996 1876 ²
1013 1835 1479 1922 Synodalibus‚
1511 1835 1823 1902 Conciliis
1868 1835 2087 1917 editis,
2116 1834 2723 1919 constitutionibus»,
2755 1842 2827 1903 et

714 1946 748 1975 “
795 1938 1336 2018 ordinationibus,
1368 1944 1428 2004 et
1472 1945 1723 2015 coetera,
1753 1937 1940 2002 nulla
1969 1936 2289 2004 extiterat
2332 1939 2580 2005 mentio
2625 1939 2822 2021 facta,

714 2048 750 2078 “
794 2030 997 2107 iidem
1039 2041 1331 2106 locorum
1375 2039 1712 2119 ordinarii,
1762 2039 1845 2105 de
1890 2039 2070 2105 facili
2132 2039 2207 2105 in
2252 2039 2498 2106 talibus
2542 2040 2823 2107 occasio·

710 2150 750 2204 .“
795 2165 949 2209 nem
992 2143 1122 2209 sibi
1166 2148 1592 2221 assumentes,
1624 2141 1939 2229 praefatas
1983 2141 2259 2223 litterae,
2294 2141 2586 2229 ipsorum
2617 2142 2825 2229 aliqui

714 2252 749 2282 “
796 2245 1160 2326 difficulter,
1223 2245 1492 2332 quidam
1555 2266 1714 2311 vero
1777 2245 2115 2311 interdum
2181 2245 2452 2331 penitus
2501 2267 2655 2328 non,
2707 2246 2826 2311 ad-

710 2355 746 2383 “
792 2350 1090 2423 mittunt,
1138 2348 1389 2421 eisdem
1434 2348 1700 2414 Abbate
1746 2353 1817 2414 et
1863 2347 2234 2429 Conventu,
2280 2367 2537 2413 necnon
2581 2348 2824 2414 Priori-

708 2457 742 2484 “
788 2450 913 2515 bus
974 2456 1042 2516 et
1103 2442 1512 2530 Rectoribus,
1556 2449 1872 2537 gravibus
1939 2454 2288 2536 propterea
2334 2445 2709 2516 ‘laboribus'
2752 2455 2822 2517 et

705 2559 742 2587 “
788 2553 1091 2639 expensis
1140 2551 1434 2639 agitati8‚
1482 2552 1686 2618 etiam
1747 2551 2110 2618 earundem
2153 2551 2528 2619 litterarum
2583 2551 2817 2620 effectu

700 2661 740 2688 “
786 2653 1284 2721 remanentibus
1342 2675 1825 2741 nonnunquam
1900 2653 2256 2721 destitutis.
2383 2654 2603 2736 Quare
2661 2677 2817 2743 sup-

703 2762 740 2791 “
795 2756 1046 2842 plicant
1092 2755 1460 2822 humillime
1503 2761 1573 2822 et
1620 2757 1859 2824 devote
1921 2756 2152 2823 Abbas
2218 2757 2384 2824 dicti
2430 2757 2816 2825 Monasterii

706 2864 742 2893 ‘⁴
788 2864 858 2924 et
918 2858 1325 2941 ConventuS,
1373 2880 1628 2925 necnon
1692 2859 1952 2925 Priores
2019 2864 2092 2925 et
2161 2859 2470 2927 Rectores
2531 2861 2814 2948 praefati,

705 2970 740 2997 “
787 2965 1113 3048 quatenus
1143 2962 1237 3027 eis
1281 2983 1479 3049 super
1520 2961 1653 3026 hiis
1681 2959 1708 3001 ⁸
1726 2966 2097 3049 opportune
2128 2963 2508 3029 consultans
2538 2962 2815 3050 praedic-

703 3071 738 3098 “
785 3069 890 3129 tas
919 3063 1210 3145 litteras,
1231 3085 1308 3129 ac
1336 3062 1494 3129 inde
1523 3068 1752 3129 secuta
1797 3086 2224 3152 quaecunque,
2270 3064 2544 3152 perinde
2587 3065 2819 3131 valida

705 3173 738 3200 “
786 3172 856 3231 et
894 3164 1177 3231 efficacia
1227 3164 1492 3246 censeri,
1541 3188 1867 3252 suumque
1896 3167 2204 3233 effectum
2252 3164 2495 3250 sortiri,
2550 3189 2626 3234 ac
2677 3168 2813 3256 ple·

703 3274 739 3303 “
785 3290 941 3333 nam
1001 3264 1254 3347 roboris
1300 3268 1689 3334 firmitatem
1739 3268 2039 3335 obtinere
2106 3268 2342 3335 debere
2387 3269 2461 3335 in
2508 3269 2814 3335 omnibus

704 3377 742 3405 “
787 3375 857 3436 et
900 3366 1020 3458 per'
1047 3368 1285 3450 omnia,
1315 3372 1447 3436 acsi
1491 3366 1563 3435 in
1610 3370 1812 3437 dictis
1856 3368 2102 3437 litteris
2148 3370 2231 3436 de
2275 3371 2630 3458 Legatini8‚
2662 3394 2810 3437 nec-

704 3482 740 3509 “
787 3495 921 3540 non
967 3468 1492 3538 Provincialibus
1542 3478 1612 3538 et
1659 3470 2133 3559 Synodalibus,
2180 3473 2807 3552 Constitutionibu5‚

700 3582 738 3610 “
784 3583 844 3640 et
889 3581 1140 3656 coetera,
1173 3595 1479 3661 expresse
1524 3578 1794 3640 tantum
1836 3574 2196 3656 extitisset,
2229 3574 2569 3641 decernere
2598 3579 2667 3641 et
2697 3575 2810 3640 de-

703 3683 739 3711 “
785 3672 1031 3741 clarare
1076 3675 1464 3763 dignemini,
1508 3676 1866 3764 praemissis
1894 3698 1972 3742 ac
1999 3676 2149 3742 aliis
2178 3676 2249 3741 in
2294 3674 2537 3743 eisdem
2565 3676 2811 3743 litteris

702 3778 738 3814 ‘⁴
784 3781 1019 3843 conten
1027 3777 1133 3855 tis,
1182 3777 1571 3865 caeterisque
1614 3778 1982 3860 contrariiS,
2031 3801 2167 3845 non
2196 3775 2618 3847 obstantibus
2663 3779 2809 3866 qui·

698 3889 733 3916 “
780 3881 1209 3968 buscunque:
1257 3903 1409 3947 cum
1457 3878 1768 3947 clausulis
1809 3881 1838 3921 ⁴
1856 3881 2303 3970 opportunis.'’

765 4216 780 4249 ¹
804 4217 914 4266 The
936 4213 1243 4281 nominative
1282 4220 1335 4264 to
1375 4213 1478 4264 this
1512 4215 1635 4267 verb
1658 4213 1699 4264 is
1860 4212 1882 4246 ‘²
1909 4210 2227 4263 Sinmlalibus
2248 4212 2302 4261 in
2323 4211 2438 4263 MS.

698 4300 731 4322 ‘⁸
754 4292 1099 4357 Bomfizciusss'
1122 4299 1176 4342 at
1220 4292 1305 4343 the
1349 4291 1626 4358 beginning
1649 4292 1707 4343 of
1863 4291 1885 4325 ³
1907 4298 2144 4356 oportune
2165 4291 2220 4341 in
2242 4290 2357 4341 MS.

695 4372 797 4426 this
821 4369 1190 4441 Supplication.
1864 4372 1882 4401 ⁴
1904 4371 2157 4435 oportunis
2179 4369 2233 4419 in
2256 4370 2369 4433 MS,
