3467 5717
1339 840 1584 892 sANcrl
1626 840 1901 890 ALBANI.
2532 832 2660 895 389

567 1026 604 1057 “
648 1023 950 1089 concludi
992 1024 1280 1104 videndi,
1325 1047 1402 1092 ac
1461 1031 1730 1093 caeteros
1776 1049 2201 1115 quoscunque
2257 1032 2444 1095 actus
2479 1026 2664 1114 judi·
2689 1030 2827 1084 ΑΒ·
2857 1034 3001 1085 1484·

563 1128 599 1159 “
644 1124 838 1191 ciales
865 1125 941 1192 in
985 1126 1108 1193 hac
1153 1133 1363 1216 parte,
1393 1129 1476 1195 de
1509 1131 1661 1216 jure
1707 1131 2032 1217 requisiti,
2066 1131 2414 1198 exercendi
2457 1136 2526 1197 et
2556 1151 2665 1196 ex-

556 1230 598 1263 “
643 1228 846 1293 erceri
888 1228 1180 1309 videndi,
1212 1234 1282 1296 et
1326 1230 1690 1311 obtinendi,
1739 1254 2158 1319 quascunque
2201 1234 2469 1320 insuper
2518 1253 2665 1298 sen-

563 1333 601 1362 “
647 1330 908 1409 tentias,
949 1336 1088 1395 tam
1135 1331 1529 1398 diffinitivas
1573 1355 1776 1420 quam
1820 1334 2367 1413 interlocutoriae,
2398 1334 2552 1400 ferri
2597 1340 2666 1399 et

561 1434 601 1463 “
645 1431 1048 1518 promulgari
1092 1434 1362 1519 petendi
1421 1439 1493 1500 et
1551 1436 1910 1516 audiendi3
1971 1457 2228 1503 necnon
2271 1436 2663 1504 beneficium

558 1539 594 1567 “
639 1532 1070 1600 absolutionis
1099 1534 1173 1599 in
1203 1535 1557 1624 integrum,
1578 1537 2037 1616 restitutionis,
2063 1545 2132 1606 et
2162 1539 2606 1617 relaxationis,
2626 1561 2667 1602 a

560 1638 597 1670 ‘⁴
643 1634 1138 1722 quibuscunque
1170 1635 1188 1673 ¹
1216 1637 1673 1724 suspensionis,
1707 1639 2417 1719 excommunicationis,
2451 1645 2521 1705 et
2563 1640 2665 1705 in·

562 1740 597 1771 “
641 1737 927 1818 terdicti‚
950 1740 1315 1819 sententiis,
1334 1763 1376 1806 a
1394 1740 1550 1827 jure
1571 1742 1681 1807 vel
1709 1742 1796 1808 ab
1826 1742 2093 1808 homine
2125 1742 2665 1829 qualitercunque

563 1843 600 1874 “
643 1838 796 1904 latis
822 1861 938 1906 seu
982 1840 1286 1922 ferendi8‚
1320 1843 1708 1930 simpliciter
1749 1848 1820 1911 et
1862 1844 1946 1910 ad
1978 1845 2322 1923 cautelam,
2354 1843 2383 1882 ²
2401 1844 2663 1924 damna,

559 1946 597 1977 “
641 1940 971 2023 interesse,
1003 1949 1072 2010 et
1101 1965 1434 2031 expensas,
1464 1947 1734 2032 petendi
1764 1951 1834 2012 et
1860 1947 2234 2034 recipiendi,
2266 1945 2667 2034 provocandi

559 2048 602 2079 “
646 2048 718 2109 et
746 2045 1137 2131 appellandi,
1161 2048 1658 2134 provocationes
1688 2053 1759 2114 et
1788 2049 2263 2136 appellationes
2283 2047 2666 2114 notificandi

562 2151 597 2181 ‘⁴
641 2150 711 2210 et
731 2145 1105 2228 intimandi,
1129 2149 1541 2236 protestandi
1570 2155 1640 2216 et
1670 2150 2074 2236 querelandi,
2097 2154 2168 2215 et
2189 2172 2418 2216 earum
2442 2171 2669 2216 causas

560 2251 599 2282 ‘⁶
643 2249 1096 2334 prosequendi,
1126 2250 1608 2337 Apostolosque
1658 2252 1934 2339 petendi
1962 2256 2032 2317 et
2058 2251 2435 2339 recipiendi,
2467 2251 2670 2316 aliurn

560 2353 595 2383 “
641 2348 749 2415 vel
792 2350 955 2415 alios
998 2359 1487 2438 procuratorem
1531 2354 1641 2420 vel
1688 2358 2157 2441 procuratores,
2191 2355 2332 2419 loco
2377 2354 2671 2441 ipsorum

562 2458 600 2486 “
644 2456 714 2517 et
755 2451 1106 2538 cujuslibet
1147 2454 1519 2535 eorundem,
1551 2455 1638 2521 ad
1668 2455 2008 2542 praemissa
2038 2455 2262 2521 omnia
2292 2461 2360 2522 et
2389 2456 2668 2543 singula,

535 2559 600 2588 ·“
641 2553 1105 2634 substituendi,
1134 2578 1211 2621 ac
1254 2555 1694 2623 substitutum
1740 2579 1856 2622 seu
1901 2557 2399 2623 substituendos
2442 2556 2672 2641 hujus-

559 2660 594 2690 “
637 2655 816 2721 modi
861 2657 1228 2737 revocandi,
1274 2660 1842 2745 procuratorisque
1904 2658 2186 2725 officium
2242 2658 2315 2724 in
2358 2658 2553 2745 ipsos
2600 2664 2670 2725 et

561 2762 598 2794 “
642 2757 716 2821 in
746 2756 1035 2843 ipsorum
1066 2759 1442 2844 quemlibet,
1472 2761 1936 2841 reassumendi,
1969 2760 2276 2848 quotiens
2306 2765 2375 2826 et
2404 2760 2670 2847 quando

560 2866 596 2894 “
639 2859 752 2939 eie,
798 2859 907 2925 vel
967 2881 1193 2925 eorum
1261 2861 1473 2941 alicui,
1520 2862 1733 2949 magis
1777 2862 2120 2929 videbitur
2185 2861 2538 2949 expedire3
2602 2867 2671 2927 et

562 2967 596 2996 ‘⁶
637 2961 1030 3048 generaliter
1073 2962 1294 3028 omnia
1338 2963 1469 3029 alia
1513 2968 1582 3029 et
1624 2964 1891 3052 singula
1934 2963 2253 3042 facienda,
2289 2962 2668 3040 exercenda,

560 3070 596 3097 “
639 3067 710 3128 et
738 3062 1161 3149 expedienda,
1193 3086 1341 3151 quae
1372 3064 1446 3130 in
1473 3065 1842 3152 praemissis,
1876 3070 1947 3130 et
1985 3064 2157 3131 circa
2185 3084 2278 3141 ea,
2311 3063 2672 3128 necessaria

562 3172 599 3201 “
641 3164 905 3243 fuerint,
951 3188 1067 3232 seu
1128 3167 1623 3252 quomodolibet
1666 3165 1695 3203 ³
1713 3171 2103 3254 opportuna,
2169 3164 2432 3232 etiamsi
2484 3187 2669 3230 man-

563 3276 595 3302 “
640 3268 874 3332 datum
919 3267 1000 3332 de
1066 3288 1137 3333 se
1204 3268 1414 3354 magis
1478 3268 1756 3357 exigant
1823 3268 2113 3355 speciale.
2230 3267 2358 3332 Pro
2421 3266 2667 3332 eisdem

562 3378 597 3406 “
642 3392 799 3436 vero
844 3371 1375 3457 procuratoribus
1419 3370 1600 3451 meis,
1630 3370 2014 3437 substitutis
2042 3369 2152 3434 vel
2192 3367 2669 3433 substituendis

564 3479 601 3507 “
644 3472 732 3537 ab
762 3472 1026 3550 eisdem,
1057 3473 1164 3538 vel
1194 3494 1418 3538 eorum
1450 3472 1693 3559 alique,
1725 3494 1867 3538 rem
1897 3477 2114 3537 ratam
2142 3470 2391 3550 haberi,
2414 3469 2668 3555 judicio

560 3580 598 3610 “
643 3574 809 3654 sisti,
841 3579 910 3639 et
942 3573 1313 3660 judicatam
1343 3574 1529 3655 solvi,
1564 3573 1688 3640 sub
1733 3572 2141 3660 ⁴'hypotheca
2167 3575 2239 3637 et
2267 3571 2668 3658 obligatione

562 3683 598 3712 “
645 3676 939 3742 omnium
983 3676 1304 3742 bonorum
1363 3698 1680 3757 meorum,
1750 3676 2086 3793 pro-mitto,
2154 3679 2223 3741 et
2290 3674 2666 3740 cautionem

564 3786 599 3815 “
644 3800 901 3866 expono
962 3799 1080 3865 per
1139 3784 1511 3866 praesentes.
1627 3778 1713 3843 In
1776 3778 1963 3864 cujus
2025 3776 2123 3843 rei
2186 3776 2665 3856 testimonium,

560 3888 598 3917 “
643 3902 845 3946 vener
845 3880 1039 3946 abilis
1082 3880 1229 3959 viri,
1274 3880 1550 3947 Domini
1606 3879 2071 3946 Archidiacom
2132 3877 2459 3943 Roffensis
2503 3875 2530 3914 ⁵
2552 3875 2667 3960 [si-

560 3990 597 4019 “
640 3982 903 4070 gillum]
948 3981 1383 4070 praesentibus
1442 3983 1685 4070 apponi
1745 3981 2112 4069 procuravi.
2226 3978 2320 4043 Et
2365 3998 2503 4057 nos,
2548 3977 2668 4041 Ri-

562 4090 600 4120 “
646 4084 878 4150 cardus
909 4083 1227 4165 Cerdone,
1259 4084 1781 4150 Archidiaconus
1826 4081 2222 4159 antedictuS,
2269 4079 2356 4144 ad
2401 4076 2428 4117 ⁰
2450 4098 2668 4164 perso-

565 4192 601 4222 “
646 4187 863 4252 nalem
909 4192 978 4253 et
1022 4186 1367 4274 specialem
1425 4185 1922 4272 requisitionem
1972 4183 2300 4249 dictorum
2345 4180 2665 4247 coustitu-

565 4294 602 4325 “
647 4288 924 4367 entium,
999 4289 1288 4377 sigillum
1331 4294 1652 4378 Jiostrum
1721 4284 2155 4375 praesentibus
2220 4281 2665 4371 apposuimus.

565 4396 602 4425 “
650 4390 904 4456 Datum
935 4390 1316 4469 Londoniis,
1349 4391 1660 4457 vicesimo
1700 4392 1940 4474 quarto
1971 4387 2079 4452 die
2108 4385 2349 4452 mensis
2379 4385 2670 4450 Novem-

631 4590 647 4622 ¹
671 4589 1003 4655 suspentionis
1026 4589 1081 4639 in
1105 4590 1221 4644 MS.
1729 4584 1750 4616 ⁴
1770 4583 2010 4650 ypotheca
2032 4582 2087 4632 in
2108 4583 2225 4633 MS.

630 4668 652 4700 2
674 4668 890 4733 dampna
911 4668 965 4718 in
990 4668 1103 4720 MS.
1730 4667 1752 4698 ⁵
1777 4663 2002 4716 Omitted
2025 4663 2077 4712 in
2101 4661 2213 4713 MS.

629 4748 652 4780 ³
672 4755 913 4812 oportuna
935 4747 989 4799 in
1015 4748 1127 4801 MS.
1730 4744 1753 4776 ⁶
1769 4741 2078 4809 par-sonulam
2101 4740 2154 4795 in
2178 4740 2290 4795 MS.
