3467 5717
1048 795 1489 848 uosAsrsmo
1534 796 1779 848 smc'n
1825 795 2099 848 sumu.
2549 784 2632 852 17

536 968 815 1141 lilfitum’
858 980 937 1041 ut
981 997 1131 1043 cum
1191 982 1557 1059 vocaretur,
1601 979 2027 1067 responderet
2067 978 2152 1044 ad
2198 978 2398 1066 Regis
2458 977 2631 1045 Con·
2659 983 2798 1037 AD.
2831 991 2975 1037 1427.

535 1095 593 1139 ci
621 1098 772 1146 ium.
1342 1132 1352 1141 .

628 1178 713 1245 In
756 1184 1048 1249 crastino
1092 1182 1320 1250 Sancti
1354 1184 1663 1250 Swuhini
1700 1207 2052 1273 suspensus
2093 1184 2225 1252 fuit
2267 1186 2635 1253 willelmus
2657 1193 2942 1244 Exeeution

539 1280 785 1360 Wawe,
849 1286 1025 1352 latro
1089 1291 1160 1351 et
1202 1287 1427 1372 proedo
1473 1287 2029 1366 sceleratissimus,
2075 1288 2208 1374 qui,
2271 1287 2295 1326 ¹
2316 1288 2642 1356 diabolica
2662 1259 2972 1378 &gg-liam

538 1389 760 1450 motus
789 1386 982 1468 furia,
1027 1386 1345 1474 religiosis
1386 1388 1550 1454 viris
1590 1410 1805 1474 neque
1848 1389 2324 1455 mercatoribus
2359 1412 2643 1477 parcens,

538 1480 567 1521 ²
584 1485 701 1551 sed
747 1487 834 1552 ab
897 1489 992 1554 eis
1051 1488 1313 1553 illorum
1378 1488 1553 1553 bona
1596 1489 1667 1554 vi
1712 1489 1994 1577 rapiens,
2040 1494 2111 1556 et
2177 1491 2497 1557 moniales
2564 1493 2645 1558 de

544 1588 840 1657 Burham
887 1591 1270 1679 despolians,
1315 1592 1387 1656 in
1433 1592 1627 1658 Turri
1674 1593 2169 1659 Londoniarum
2213 1616 2330 1681 per
2373 1595 2643 1681 aliquod

541 1697 806 1778 tempus
837 1691 1205 1773 'detentus
1229 1694 1301 1757 in
1332 1714 1641 1779 magnam
1672 1695 2093 1762 securitatem
2123 1695 2332 1761 totius
2359 1695 2640 1783 Angliae‚

540 1792 570 1831 ⁴
585 1795 982 1879 poenitentia
1031 1794 1288 1875 ductus,
1334 1796 1537 1861 morti
1582 1816 1704 1882 pro
1748 1796 1884 1862 suis
1946 1796 2200 1862 meritis
2262 1798 2369 1863 die
2414 1819 2640 1886 supra-

543 1894 718 1961 dicto
762 1901 865 1962 est
906 1896 1223 1962 addictus,

636 1996 783 2063 Hoc
856 1998 881 2037 ⁶
904 1998 1131 2064 eodem
1207 2003 1520 2085 tempore,
1588 1999 1788 2065 tertio
1848 1999 1956 2066 die
2017 2000 2261 2066 mensis
2323 1999 2371 2065 J
2374 2001 2511 2078 ulii,
2572 2002 2642 2066 in
2666 2002 2844 2054 Atthe
2867 2017 2944 2053 re-

548 2096 829 2165 Camera
899 2098 927 2138 ⁶
947 2100 1293 2167 Consulari
1351 2100 1531 2186 apud
1604 2100 2293 2183 westmonasterium,
2368 2101 2644 2168 Archie-
2701 2070 2946 2186 “ffssgb

548 2199 868 2287 piscopus,
915 2223 1063 2267 cum
1127 2202 1276 2267 aliis
1341 2201 1649 2288 praelatis,
1711 2201 2248 2290 efflagitaverunt
2310 2204 2642 2269 Abbatem
2667 2201 2980 2319 &mund

546 2302 747 2387 hujus
790 2303 1189 2382 monasterii,
1234 2308 1315 2369 ut
1357 2301 1383 2344 ⁷
1408 2303 1799 2390 dignaretur
1842 2305 2018 2370 votis
2064 2326 2291 2370 eorum
2335 2326 2644 2384 annuere,
2667 2283 2841 2385 2¹31,oe
2884 2305 2899 2330 '

545 2409 874 2489 quatenus
918 2405 1233 2471 scriberet
1275 2404 1535 2470 litteras
1580 2406 2052 2486 inbastiatices,
2100 2405 2373 2472 Summo
2419 2407 2646 2472 Ponti·
2668 2400 2843 2517 3132·-
2831 2415 2954 2465 pem

547 2511 656 2574 fici
716 2508 742 2548 ⁸
763 2511 1091 2591 missuras,
1138 2517 1279 2576 tam
1322 2532 1445 2598 pro
1504 2516 1694 2598 parte
1754 2512 1912 2578 cleri
1958 2535 2164 2600 quam
2229 2535 2349 2600 pro
2408 2510 2644 2601 ⁹parte
2668 2532 2798 2583 from
2819 2533 2906 2583 the

548 2613 732 2698 regni
751 2637 768 2693 ;
811 2614 946 2698 qui,
976 2612 1049 2678 in
1081 2609 1133 2650 ¹⁰
1151 2612 1541 2679 difficultate
1587 2614 1892 2700 quadam,
1921 2635 2149 2680 eorum
2195 2614 2531 2681 voluntati
2575 2636 2645 2681 se
2669 2599 2965 2716 ξέξῗὲζοᾝιᾱ

552 2712 602 2751 ¹¹
622 2713 955 2800 applicuit,
998 2719 1069 2780 et
1110 2714 1185 2779 in
1230 2714 1527 2780 Sabbato
1558 2716 1861 2802 sequenti
1903 2722 2127 2803 grates
2170 2738 2307 2782 suae
2351 2739 2646 2804 personae
2669 2673 2821 2797 Polie.
2943 2681 2973 2716 e

549 2836 669 2902 pro
711 2838 829 2883 suo
871 2816 1097 2883 labore
1140 2817 1528 2904 reportavit.

635 2918 883 2986 Eodem
948 2940 1172 2985 mense
1238 2918 1287 2984 J
1289 2919 1425 2997 ulii,
1486 2920 1556 2984 in
1619 2919 2076 2985 Translatione
2145 2921 2376 2987 Sancti
2438 2921 2647 2987 Bene·
2671 2931 2974 2982 Inundation

553 3022 729 3098 dicti,
777 3021 1130 3087 inundatio
1173 3020 1440 3108 pluviae,
1485 3027 1556 3087 et
1599 3020 1939 3088 suffocatio
1984 3022 2124 3087 feni
2169 3026 2237 3088 et
2281 3024 2487 3111 grani.
2671 3000 2741 3063 δ’
2762 2999 2891 3049 ¹²¹⁰·

646 3122 734 3186 In
809 3124 1093 3188 crastino
1161 3122 1425 3189 Sanctae
1493 3124 1904 3210 Margaretae,
1979 3125 2246 3190 recessit
2311 3124 2541 3190 Abbas
2607 3147 2650 3190 a
2675 3147 2787 3198 The
2804 3146 2980 3197 Abbot

561 3225 982 3303 MonasteriO,
1009 3247 1157 3291 cum
1201 3224 1521 3313 Episcopo
1566 3225 1920 3304 Oestrensi,
1953 3246 2174 3291 secum
2220 3225 2458 3290 solatia
2503 3247 2650 3313 cap—
2673 3213 2984 3330 ¹:5²3}de

559 3335 755 3393 turus
786 3347 991 3414 usquc
1018 3327 1101 3391 ad
1148 3327 1419 3394 Festum
1467 3326 1866 3396 Sanctorum
1902 3325 2158 3392 Oosmae
2187 3332 2256 3392 et
2299 3326 2650 3406 Damiani3
2676 3345 2851 3396 bourn,

554 3441 626 3500 et
669 3434 894 3500 eodem
942 3433 1048 3499 die
1092 3431 1365 3498 Missam
1413 3433 1678 3499 audivit
1723 3430 1773 3469 ¹²
1793 3431 2121 3499 Redborn.

640 3536 839 3623 Apud
902 3535 970 3600 N
971 3535 1258 3601 undinas
1319 3536 1400 3601 de
1462 3534 1929 3622 Sterysbrygg,
1975 3534 2047 3599 in
2093 3533 2342 3623 vigilia
2389 3534 2651 3623 Vigiliae
2674 3552 2834 3605 Great

554 3639 999 3705 Exaltationis
1042 3636 1302 3705 Sanctae
1349 3637 1593 3716 Crucis,
1644 3637 1969 3717 videlicet,
2015 3636 2181 3702 feria
2223 3642 2432 3717 sexta,
2475 3635 2647 3705 toni·
2673 3629 2826 3671 “¹⁰³³
2850 3627 2902 3669 ⁸²

2673 3687 2758 3736 the
2781 3686 2905 3736 time
2928 3684 2983 3735 of

555 3750 723 3826 trua,
791 3744 1285 3822 coruscationes,
1362 3751 1432 3808 et
1499 3743 1763 3830 pluviae,
1829 3742 2074 3808 ibidem
2137 3743 2337 3822 fuere,
2405 3744 2506 3811 ita
2571 3750 2651 3811 ut
2675 3752 2870 3818 Sterys-

556 3872 780 3917 omnes
829 3849 1079 3916 ibidem
1123 3849 1488 3916 existentes
1531 3848 1720 3935 gravi
1763 3853 2009 3914 terrore
2053 3846 2106 3887 ¹³
2127 3850 2363 3915 territi.
2674 3819 2849 3949 ῗξζξξ,

2677 3950 2884 4013 bridge)

2677 4015 2815 4067 Fair.

627 4134 641 4166 ¹
666 4132 910 4185 deobolica
931 4133 985 4183 in
1008 4133 1125 4185 Ms.
1710 4136 1730 4162 ³
1745 4139 1943 4198 par-tete
1964 4131 2016 4181 in
2040 4132 2154 4182 MS.

626 4211 648 4245 ²
672 4221 747 4263 see
771 4213 825 4263 in
844 4213 957 4265 MS.
1712 4211 1753 4244 ¹⁰
1777 4210 2057 4274 deficultate
2081 4211 2133 4261 in
2157 4210 2271 4262 MS.

627 4291 650 4324 ³
673 4293 798 4343 This
820 4294 960 4344 word
982 4292 1028 4344 is
1049 4291 1296 4343 doubtful.
1710 4289 1745 4323 ¹¹
1774 4288 2022 4356 «implicuit
2044 4290 2092 4340 in
2121 4291 2233 4343 MS.

623 4372 645 4402 ⁴
662 4372 944 4435 penetentia
966 4372 1019 4421 in
1040 4371 1154 4422 MS.
1712 4367 1755 4400 ¹²
1778 4370 1903 4419 This
1926 4371 2064 4419 word
2082 4369 2125 4420 is
2143 4369 2375 4419 followed
2397 4369 2466 4434 by
2490 4366 2655 4419 Exul-

623 4447 645 4479 *
673 4449 792 4499 idem
816 4447 871 4499 in
892 4448 1009 4501 MS.
1648 4447 1848 4497 tationis
1889 4447 2090 4496 Sancte
2118 4446 2328 4504 (ἓν-κάη
2363 4448 2451 4498 the
2491 4450 2658 4497 words

624 4527 646 4558 ⁸
670 4528 755 4578 Sic
776 4530 831 4577 in
854 4528 970 4580 MS.
1647 4525 1884 4576 however
1901 4525 2054 4588 being
2074 4541 2172 4576 run
2193 4525 2414 4590 through
2429 4525 2552 4576 with
2573 4526 2660 4577 the

627 4605 649 4644 ἲ
677 4605 954 4670 dique-etur
976 4607 1030 4657 in
1050 4606 1167 4659 MS.
1650 4620 1763 4670 peu.

623 4685 646 4716 ⁸
669 4684 754 4738 Sic
775 4685 828 4735 in
854 4685 988 4749 MS„
1008 4685 1091 4736 for
1112 4682 1383 4737 mittendas.
1722 4682 1758 4714 ¹¹
1782 4683 1922 4732 ter-iti
1943 4682 1994 4732 in
2021 4681 2132 4733 MS.

2349 4780 2391 4827 B
