3467 5717
1372 842 1623 895 sanem
1668 844 1895 896 Annas
1904 846 1946 896 1.
2580 833 2710 897 259

599 1037 636 1067 “
681 1031 968 1118 parcella
1009 1034 1320 1119 pasturas,
1363 1030 1564 1112 bosci,
1617 1031 1812 1119 prati,
1853 1035 1973 1097 aut
2021 1031 2296 1097 alberius
2337 1031 2434 1097 rei
2493 1030 2708 1118 cujus·
2730 1030 3042 1091 ⁴⁴¹³·142728·

598 1139 633 1169 ‘⁸
679 1156 955 1221 cunque,
1000 1134 1074 1199 in
1125 1155 1313 1199 mora
1356 1132 1463 1199 vel
1508 1138 1802 1221 pastura.
1843 1133 2206 1220 praedicta3
2250 1155 2370 1200 nec
2414 1134 2704 1222 aliquam

598 1243 634 1273 ‘⁸
682 1242 937 1324 parbem
983 1236 1125 1303 sive
1168 1236 1525 1325 pal-cellam
1577 1236 1735 1301 inde
1780 1235 2116 1303 includere
2160 1235 2422 1318 facient,
2469 1240 2589 1305 aut
2631 1239 2708 1303 in

597 1347 633 1376 “
678 1339 1107 1427 separalitate
1152 1338 1500 1421 tenebunt,
1563 1339 1812 1424 absque
1874 1360 2161 1420 assensu,
2211 1341 2585 1423 voluntate,
2637 1345 2708 1407 61,

598 1449 632 1477 “
680 1446 1166 1530 aggreamenbo,
1199 1441 1663 1528 praedictorum
1710 1440 1998 1523 Thomae,
2047 1441 2327 1524 Nicolai,
2377 1442 2424 1508 J
2428 1441 2707 1509 ohannis

597 1549 634 1579 “
683 1544 921 1626 Suelio,
971 1544 1260 1624 Thomae,
1294 1543 1581 1626 Thomae,
1625 1543 1923 1623 Roberti,
1966 1543 2258 1626 Thomae,
2297 1548 2367 1611 et
2413 1544 2701 1626 Ricardi,

596 1652 633 1681 “
678 1646 1014 1715 haeredum
1068 1650 1137 1713 61,
1188 1646 1680 1732 assignatorum
1727 1667 2015 1728 suorum,
2068 1651 2310 1733 praeter
2354 1647 2701 1734 praedictas

595 1755 630 1782 “
677 1748 958 1834 triginssa
1033 1769 1214 1814 acras
1307 1751 1599 1835 pasturae
1670 1748 1969 1835 jacentes
2028 1748 2234 1834 juxta
2306 1751 2696 1837 praedictam

594 1856 629 1885 u
998 1851 1012 1865 .
1570 1851 1583 1866 .
2595 1858 2612 1895 ι

593 1958 628 1987 “
674 1850 1400 2040 Ἥιᾬέοῗῖοᾚιὲ
1401 1850 1733 2041 211)ιὸρῂἒῖιὲ
1766 1851 2198 2021 d‘ssssssiiiff’
2234 1851 2699 2022 3:033&

595 2060 630 2090 ‘⁸
676 2054 1145 2121 concordatum
1197 2061 1300 2122 661,
1358 2057 1538 2122 inter
1597 2062 1823 2142 part-es
1881 2057 2253 2144 praedictas,
2315 2078 2401 2123 ex
2470 2080 2696 2123 earum

591 2164 627 2193 “
674 2158 1010 2224 communi
1062 2179 1332 2225 assensu
1382 2164 1455 2225 et
1501 2182 1840 2243 consensu,
1880 2161 2059 2246 quod
2109 2160 2415 2248 praedicti
2468 2160 2699 2228 Abbas

593 2267 631 2297 “
678 2265 748 2327 61,
794 2260 1201 2343 Conventus,
1252 2267 1320 2329 et
1373 2283 1777 2329 successores
1822 2263 1945 2344 sui,
2002 2262 2344 2329 habebunt
2394 2264 2699 2351 proximo

594 2370 630 2400 “
677 2385 855 2439 anno
901 2370 1055 2451 pest
1109 2365 1338 2435 datam
1390 2365 1823 2451 praesentium
1869 2387 2005 2431 una
2055 2365 2202 2439 vice
2261 2370 2530 2433 tantum
2596 2366 2698 2432 fu-

590 2473 625 2502 “
671 2466 1012 2553 gationem
1056 2471 1357 2532 vocatam
1407 2473 1423 2501 ‘
1443 2467 1504 2532 16
1552 2466 1883 2548 Indrove,’
1913 2472 1982 2532 61,
2025 2467 2565 2555 inparcationem,
2611 2470 2698 2534 ad

592 2576 627 2605 “
674 2590 899 2635 eorum
931 2568 1200 2634 libitum
1230 2568 1620 2651 faciendam,
1654 2569 1737 2635 de
1770 2569 2268 2656 quibuscunque
2298 2570 2724 2637 animalibus·

593 2680 627 2709 “
672 2673 745 2737 in
789 2692 979 2737 mora
1020 2670 1130 2737 vel
1181 2671 1517 2737 communi
1559 2678 1837 2758 pastura
1879 2671 2214 2759 praedictis
2263 2672 2573 2756 inventis,
2621 2695 2695 2739 ac

594 2781 629 2810 “
674 2774 987 2840 emendas
1046 2794 1165 2861 pro
1211 2774 1516 2840 omnibus
1577 2775 1710 2839 illis
1772 2774 2164 2841 animalibus
2227 2797 2507 2860 quorum
2552 2798 2694 2842 ma-

592 2884 628 2913 “
673 2878 865 2965 gistri
910 2883 1030 2944 aut
1057 2898 1456 2965 possessores
1500 2899 1637 2945 11011
1682 2877 1934 2944 habent
1964 2899 2377 2945 communem
2422 2879 2691 2947 ibidem.

592 2986 627 3015 “
672 2981 764 3047 Et
806 2979 1128 3058 similiter,
1189 2978 1365 3065 quod
1426 2979 1730 3068 praedicti
1776 2979 2059 3045 Thomas
2119 2979 2397 3045 Knolles
2457 2982 2691 3061 senior,

592 3089 627 3119 “
677 3083 1004 3161 Nicolaus,
1064 3082 1112 3148 J
1117 3081 1407 3150 ohannes
1453 3082 1693 3164 Snelle,
1759 3082 2042 3149 Thomas
2095 3081 2348 3165 Seloue,
2410 3083 2694 3150 Thomas

591 3193 625 3221 “
676 3185 950 3251 Knolles
969 3185 1217 3271 junior,
1249 3185 1597 3263 Robertus,
1630 3183 1917 3251 Thomas
1962 3185 2223 3272 Oxney,
2256 3192 2323 3253 61,
2354 3186 2691 3266 Ricanim,

591 3295 625 3324 “
673 3288 964 3354 haeredes
1008 3293 1076 3353 et.
1105 3287 1429 3373 assignati
1472 3288 1596 3368 sui,
1626 3287 1932 3374 proximo
1978 3309 2153 3352 anno
2185 3292 2347 3353 tunc
2377 3294 2693 3375 sequente

592 3398 625 3426 “
669 3391 1009 3456 habebunt
1068 3411 1204 3456 una
1247 3391 1391 3456 vice
1437 3393 1705 3455 tantum
1770 3389 2178 3476 fugationem
2226 3397 2529 3456 vocabam
2592 3398 2608 3427 ‘
2631 3391 2693 3456 le

588 3500 627 3530 “
672 3499 689 3529 ‘
714 3491 1041 3574 Indrove,'
1094 3498 1164 3558 61,
1208 3492 1748 3579 inparcationem,
1796 3493 1882 3558 ad
1927 3513 2152 3558 eorum
2202 3491 2474 3558 libitum
2537 3493 2693 3559 faci-

589 3603 623 3632 “
671 3596 930 3677 endam,
1006 3595 1089 3660 de
1164 3595 1667 3681 quibuscunque
1744 3594 2143 3661 animalibus
2215 3595 2290 3659 in
2358 3595 2692 3681 praedicbis

590 3705 626 3736 “
672 3704 942 3785 passura
1000 3701 1072 3762 61,
1115 3718 1299 3762 mora
1341 3697 1656 3778 inventis,
1706 3718 1783 3763 ac
1845 3695 2155 3765 emendas
2217 3718 2338 3783 pro
2384 3698 2690 3766 omnibus

589 3809 623 3836 “
668 3800 801 3866 illis
866 3799 1262 3865 animalibus
1322 3820 1601 3886 quorum
1646 3799 1947 3887 magistri
1991 3803 2062 3863 et
2106 3821 2502 3886 possessores
2553 3824 2690 3868 non

585 3909 623 3941 “
668 3904 920 3969 habent
987 3923 1400 3968 communem
1466 3902 1756 3969 ibidem:
1835 3907 1905 3969 et
1962 3903 2263 3989 praedicti
2332 3903 2560 3969 Abbas
2622 3911 2691 3971 61,

589 4013 623 4043 “
674 4004 1078 4084 Conventus
1113 4013 1182 4070 61,
1211 4026 1613 4071 successores
1643 4006 1763 4082 sui,
1794 4006 1887 4069 sic
1917 4004 2211 4090 quolibet
2250 4005 2463 4071 altero
2495 4027 2687 4088 anne,

584 4115 620 4143 ‘⁴
667 4131 743 4173 ac
785 4107 1051 4194 praefati
1081 4105 1368 4172 Thomas
1402 4107 1680 4172 Knolles
1709 4107 1945 4187 senior,
1980 4105 2044 4169 N
2049 4106 2313 4186 icolaus,
2345 4106 2392 4172 J
2397 4107 2689 4175 ohannes

589 4217 627 4248 “
675 4209 913 4290 Snelle,
961 4208 1246 4274 Thomas
1291 4208 1545 4288 Seloue,
1609 4208 1895 4274 Thomas
1942 4207 2220 4273 Knolles
2254 4208 2502 4293 junior,
2555 4211 2688 4276 Ro-

588 4318 622 4350 “
668 4312 911 4390 bertuS,
961 4310 1247 4376 Thomas
1291 4309 1551 4397 Oxney,
1613 4315 1683 4375 61,
1731 4310 2074 4391 RicarduS,
2138 4316 2209 4376 61,
2270 4311 2559 4379 haeredes
2619 4320 2690 4381 et

586 4421 625 4450 “
670 4413 991 4500 assignati
1057 4414 1179 4493 sui,
1241 4412 1541 4497 quolibet
1593 4412 1804 4479 altero
1863 4435 2056 4494 anne,
2103 4413 2446 4481 habebunt·
2501 4416 2690 4505 fuga-

584 4526 624 4555 “
670 4521 918 4583 tionem
972 4522 1274 4583 vocatam
1322 4515 1420 4581 ‘le
1467 4516 1797 4598 Indrove,’
1839 4522 1911 4582 61,
1953 4518 2468 4604 inparcationem
2522 4542 2691 4607 prae-

585 4627 621 4656 “
669 4621 934 4699 dictam,
1006 4641 1140 4685 una
1198 4618 1342 4685 vice
1406 4622 1694 4698 tantum,
1754 4618 1843 4684 ad
1909 4641 2135 4686 eorum
2202 4620 2470 4687 libitum
2531 4624 2690 4690 faci-

584 4730 620 4759 “
671 4724 925 4802 endam,
1003 4722 1086 4788 de
1162 4721 1662 4808 quibuscunque
1737 4722 2137 4792 animalibus
2213 4724 2284 4789 in
2355 4725 2690 4812 praedictis

2287 4845 2334 4893 R
2382 4832 2420 4892 2
