3467 5717
749 860 879 925 250
1395 870 1717 920 ANNALffi
1761 870 2183 921 uonAs‘rsRu

408 1078 717 1139 A.1›.1427,s.
743 1065 777 1095 “
822 1061 1041 1125 minus
1086 1062 1464 1144 competens
1507 1057 2042 1144 procuratoribus
2084 1058 2455 1138 antedictis,
2504 1060 2593 1124 ad
2650 1060 2840 1126 audi-

743 1168 779 1198 “
826 1163 1069 1228 endum
1131 1160 1288 1226 hinc
1345 1160 1503 1226 inde
1582 1161 1983 1227 sententiam
2045 1160 2118 1226 in
2181 1161 2363 1227 dicta
2427 1183 2623 1228 causa
2681 1160 2838 1227 ferri

743 1269 779 1298 “
825 1263 1268 1343 diffinitivam,
1302 1284 1421 1349 per
1448 1284 1570 1330 nos
1614 1262 1851 1329 extitit
1887 1264 2281 1351 assignatus.
2375 1264 2526 1346 Quo
2572 1265 2840 1351 quidem

743 1372 777 1402 “
824 1365 1106 1432 termino
1150 1365 1565 1445 adveniente,
1614 1369 1685 1430 et
1743 1364 1815 1431 in
1874 1366 2106 1432 eodem
2148 1387 2368 1433 coram
2411 1362 2608 1433 nobis
2668 1388 2840 1433 com-

743 1479 775 1504 “
819 1468 1204 1556 parentibus
1275 1467 1613 1554 Magistris
1655 1466 1704 1532 J
1705 1467 1909 1535 acobo
1956 1467 2133 1547 Cole,
2180 1492 2264 1534 ex
2326 1476 2516 1557 parte
2575 1492 2727 1549 una,
2772 1476 2842 1535 et

740 1582 773 1608 “
817 1573 866 1637 J
868 1573 1125 1638 ohanne
1170 1569 1534 1657 Wybbery,
1563 1570 2098 1657 procuratoribus
2141 1572 2496 1659 praedictis,
2536 1594 2839 1659 procura-

736 1683 772 1710 “
820 1676 1006 1740 toriis
1034 1674 1436 1754 nominibuS,
1471 1673 1714 1759 quibus
1745 1695 1961 1761 supra,
1989 1677 2180 1760 parte
2209 1696 2296 1740 ex
2325 1674 2560 1756 altera,
2591 1697 2670 1740 ac
2699 1696 2842 1740 sen-

732 1785 768 1812 “
816 1778 1097 1843 tentiam
1141 1774 1568 1841 diffinitivam
1608 1775 1787 1857 ferri,
1819 1779 1889 1841 et
1921 1776 2263 1861 justitiam
2299 1776 2463 1858 fleri,
2498 1776 2655 1842 hinc
2683 1777 2841 1842 inde

732 1886 765 1915 “
809 1878 1439 1966 petentibus—Nos
1483 1877 1711 1965 igitur,
1759 1877 1924 1943 visis
1986 1879 2316 1965 primitus,
2374 1884 2443 1946 et
2487 1879 2842 1967 diligenter

729 1990 765 2016 ‘⁴
811 1982 1126 2069 inspectis
1171 1981 1479 2047 omnibus
1526 1985 1595 2047 et
1639 1981 1922 2068 singulis
1966 1982 2135 2047 actis
2179 1982 2494 2061 actitatis,
2557 1981 2837 2068 produc-

728 2091 763 2119 “
808 2086 916 2165 tis,
962 2084 1297 2162 exhibitis,
1344 2084 1746 2164 confessatis,
1796 2087 1866 2150 et
1910 2084 2227 2171 probatis,
2272 2085 2345 2149 in
2391 2084 2571 2150 dicta
2623 2106 2836 2165 causa,

728 2195 763 2222 “
808 2189 1031 2274 eisque
1077 2209 1228 2253 cum
1273 2187 1666 2252 maturitate
1728 2186 2073 2253 recensitis
2142 2190 2212 2252 et
2271 2187 2677 2274 ponderatis,
2724 2208 2842 2274 per

723 2298 761 2327 ‘⁴
807 2312 885 2355 ea
929 2312 1077 2376 quse
1122 2289 1417 2355 vidimus
1463 2295 1532 2355 et
1575 2289 2026 2375 cognovimu8‚
2071 2311 2148 2355 ac
2193 2288 2277 2355 de
2330 2289 2642 2376 praesenti
2692 2310 2840 2376 cog-

725 2403 759 2430 “
806 2395 1132 2460 noscimus
1178 2397 1247 2459 et
1291 2392 1614 2472 videmus,
1662 2392 1752 2458 ad
1799 2396 2098 2458 nostram
2142 2391 2553 2458 sententiam
2599 2391 2841 2458 diffini-

727 2503 761 2532 “
808 2498 1042 2578 tivam,
1091 2496 1173 2562 de
1219 2495 1493 2563 consilio
1552 2495 2098 2582 jurisperitorum
2143 2495 2336 2562 nobis
2381 2495 2837 2574 assidentium,

726 2605 761 2633 ‘⁸
805 2598 1232 2684 procedimus,
1281 2618 1558 2684 eamque
1603 2599 1677 2662 in
1722 2597 1990 2684 scriptis
2033 2597 2308 2664 ferimus
2352 2602 2426 2664 et
2465 2598 2839 2686 promulga-

724 2705 761 2735 “
812 2722 975 2779 mus,
1023 2699 1097 2764 in
1140 2700 1315 2765 hunc
1358 2700 1740 2768 modum.-

815 2809 850 2839 “
884 2802 1137 2868 Christi
1165 2802 1435 2868 nomine
1464 2802 1794 2884 invocato,
1828 2822 1966 2883 nos,
1995 2801 2367 2870 Willelmus
2391 2802 2834 2889 Lyndewode,

725 2912 762 2943 ‘⁸
808 2904 1155 2991 utriusque
1184 2905 1233 2969 J
1237 2904 1376 2970 uris
1408 2905 1678 2985 Doctor,
1714 2902 1940 2970 Curiae
1971 2904 2468 2972 Cantuariensis
2499 2905 2833 2986 officialis,

724 3017 759 3044 “
806 3030 926 3095 pro
990 3008 1315 3075 tribunali
1381 3007 1703 3088 sedentes,
1755 3007 2099 3093 solumque
2166 3010 2384 3074 Deum
2447 3029 2585 3095 prae
2629 3009 2836 3075 oculis

725 3119 760 3148 “
808 3112 1142 3193 habentes,
1188 3110 1441 3177 auditis
1509 3114 1579 3175 et
1644 3110 1907 3197 plenius
1969 3111 2328 3177 intellectis
2395 3132 2473 3176 ao
2532 3110 2838 3178 discussis

725 3221 760 3250 “
807 3214 1065 3280 meritis
1110 3236 1324 3280 causae
1369 3213 1766 3295 antedictae3
1813 3213 1973 3299 quia
2015 3235 2134 3300 per
2176 3218 2327 3280 acta
2355 3213 2652 3297 actitata,
2685 3236 2837 3303 pro-

725 3324 759 3351 “
809 3318 1026 3398 ducta,
1059 3317 1379 3398 exhibita,
1427 3314 1813 3395 confessata,
1847 3321 1918 3381 et
1962 3315 2259 3402 probata,
2306 3316 2382 3382 in
2411 3316 2594 3383 dicta
2623 3337 2835 3399 cama,

726 3427 760 3454 “
807 3419 1184 3487 invenimus
1249 3425 1506 3506 partem
1577 3418 1904 3485 dictorum
1973 3417 2263 3484 Abbatis
2333 3423 2404 3485 et
2450 3419 2837 3487 Conventus

724 3530 757 3556 ‘⁴
804 3523 1251 3588 intentionem
1297 3542 1482 3588 suam
1548 3522 1622 3587 in
1687 3521 1866 3587 dicto
1909 3519 2136 3586 libello
2182 3519 2532 3588 deductam
2595 3521 2835 3588 suffici·

725 3630 759 3659 “
805 3628 1011 3705 enter,
1045 3624 1265 3709 quoad
1310 3625 1617 3690 effectum
1661 3622 2182 3710 infrascriptum,
2228 3622 2542 3691 fundasse
2585 3627 2658 3689 et
2686 3645 2834 3712 pro-

725 3732 760 3760 “
806 3726 1011 3806 basse,
1058 3725 1361 3811 nihilque
1407 3725 1753 3792 effectuale
1821 3746 1940 3812 per
2001 3730 2261 3813 partem
2314 3727 2661 3792 adversam
2725 3728 2835 3793 de-

721 3834 757 3864 “
801 3829 1077 3894 ductum
1106 3831 1179 3893 et
1206 3828 1562 3915 probatum
1591 3827 1812 3910 fuisse,
1844 3832 1965 3894 aut
1994 3850 2149 3909 esse,
2184 3826 2365 3915 quod
2391 3828 2832 3895 intentionem

722 3939 758 3967 “
806 3932 1132 3999 dictorum
1190 3930 1477 3996 Abbatis
1536 3934 1606 3997 et
1660 3929 2051 3997 Conventus
2117 3931 2549 4017 quovismodo
2607 3937 2831 4019 posset

722 4044 758 4071 “
805 4056 1134 4117 enervare,
1166 4055 1285 4122 per
1310 4033 1486 4101 hanc
1530 4035 1933 4100 sententiam
1975 4033 2420 4115 diffinitivam,
2453 4054 2654 4119 quam
2684 4056 2833 4121 pro-

720 4146 756 4175 “
802 4140 1173 4226 mulgamus
1219 4141 1288 4204 et
1330 4137 1602 4203 ferimus
1661 4138 1734 4202 in
1779 4137 1911 4202 hiis
1972 4137 2251 4225 scriptis,
2300 4137 2831 4225 pronunciamuS,

724 4249 757 4276 “
803 4241 1227 4318 decernimus,
1258 4244 1328 4305 et
1375 4239 1799 4319 declaramus,
1847 4238 2012 4305 duas
2055 4245 2281 4327 partes
2318 4239 2720 4306 decimarum
2750 4239 2833 4306 de

727 4350 761 4379 “
807 4341 1048 4428 quibus
1091 4342 1166 4407 in
1215 4341 1393 4409 dicto
1436 4340 1661 4409 libello
1705 4342 1788 4407 fit
1831 4342 2099 4423 mentio,
2147 4342 2470 4425 videlicet,
2515 4341 2592 4406 in
2637 4347 2708 4409 et
2751 4343 2833 4409 de

728 4453 762 4483 ‘⁶
808 4444 1156 4525 dominico,
1204 4444 1345 4510 sive
1414 4444 1723 4527 dominio,
1782 4445 2118 4530 quondam
2180 4444 2414 4511 Alardi
2460 4445 2544 4511 de
2587 4445 2833 4512 Sancto

731 4555 766 4584 “
812 4548 1047 4630 Elerio,
1095 4547 1270 4613 infra
1311 4547 1693 4635 parochiam
1739 4546 1822 4613 de
1870 4547 2209 4635 Horpolle‚
2256 4546 2719 4635 provenientes
2762 4552 2836 4615 et

728 4656 767 4685 “
811 4654 1266 4735 proventuras,
1317 4651 1405 4716 ad
1457 4651 1674 4717 dictos
1716 4649 2055 4717 Abbatem
2087 4657 2158 4717 et
2232 4650 2679 4735 Conventum,
2728 4672 2835 4718 eo-

726 4759 761 4787 “
804 4772 1085 4838 rumque
1146 4754 1640 4837 monasterium,
1706 4752 2125 4841 pertinuisse,
2169 4752 2520 4841 pertinere,
2565 4758 2638 4822 et
2686 4773 2833 4842 per·
