3467 5717
747 800 873 870 176
1412 813 1727 864 ANNALES
1773 810 2192 861 nonasrsnn

408 1015 719 1069 A.D.1423.
834 1001 1014 1083 Quos
1059 1001 1415 1080 ArticuloS,
1469 1022 1621 1067 cum
1667 1000 1793 1068 hac
1836 999 2033 1065 Bulla
2096 999 2338 1081 Aurea,
2385 999 2547 1065 dum
2621 1000 2856 1067 Abbas

408 1100 533 1178 The·
550 1102 720 1151 Abbot
743 1105 1019 1190 legendo
1051 1106 1548 1183 transcurreret,
1581 1105 1651 1169 et
1680 1120 1909 1169 rursus
1954 1100 2303 1188 relegendo
2331 1102 2717 1183 ruminaret,
2749 1124 2855 1169 ac-

408 1181 627 1283 fgssffi'goe
744 1208 939 1272 cessit
988 1207 1076 1271 ad
1130 1227 1283 1271 eum
1337 1204 1445 1269 vir
1475 1222 1648 1269 unus
1693 1203 1778 1269 de
1808 1203 2311 1271 Albertinorum
2340 1205 2687 1283 consortio,
2719 1206 2855 1292 qui,

407 1298 539 1414 f‘mg
562 1301 701 1365 Eng-
744 1308 887 1395 ejus
916 1308 1432 1373 ruminationem
1463 1306 1968 1392 interrumpens,
2000 1305 2063 1370 ei
2092 1305 2342 1372 obtulit
2389 1327 2527 1373 non
2570 1328 2850 1393 parvum

430 1380 492 1415 ω’
534 1399 545 1414 ’
743 1410 1119 1476 litterarum
1168 1408 1571 1488 fasciculum,
1604 1408 1830 1474 dicens
1878 1406 2056 1475 hunc
2102 1407 2233 1474 sibi
2263 1407 2461 1474 fuisse
2492 1408 2576 1475 de
2605 1408 2852 1495 Anglia

745 1512 1037 1589 missum,
1067 1511 1411 1590 bonorum,
1445 1513 1647 1597 prout
1692 1508 2021 1596 sperabat,
2061 1509 2455 1576 nunciorum
2486 1509 2848 1577 allativum.

744 1612 1043 1700 Cumque
1072 1613 1304 1678 Abbas
1332 1609 1359 1650 ¹
1378 1611 1673 1677 oblatam
1724 1610 1856 1676 sibi
1903 1609 2210 1698 fregisset
2260 1612 2638 1678 litterarum
2687 1613 2851 1699 liga-

743 1722 981 1797 turam,
1013 1722 1083 1782 et
1134 1716 1431 1781 omnium
1479 1712 1770 1802 plenarie
1801 1713 2188 1801 perlegisset
2216 1720 2532 1796 tenorem,
2564 1712 2592 1753 ²
2612 1716 2850 1797 subite,

745 1818 941 1884 vultu
999 1818 1129 1884 sibi
1187 1822 1466 1894 mutat0,
1520 1815 1849 1903 suspirare
1895 1820 2187 1903 coeperat
2232 1838 2347 1905 pro
2405 1838 2482 1883 eo
2533 1816 2710 1904 quod
2765 1838 2851 1883 ex

745 1919 1154 2006 quarundam
1217 1918 1548 2005 scriptura
1605 1921 1991 2005 conceperat
2051 1918 2335 2005 qualiter
2391 1941 2469 1984 ea
2517 1941 2651 2007 pax
2699 1941 2851 2005 quae

413 2030 496 2083 He
518 2033 650 2084 finds
747 2042 1007 2086 omnem
1067 2017 1094 2058 ³
1115 2024 1472 2106 exsuperat
1531 2039 1817 2100 sensum,
1878 2039 2160 2106 quaeque
2218 2021 2514 2087 tenacius
2592 2019 2853 2108 glutino

411 2098 643 2217 2225&
747 2122 1045 2187 omnium
1097 2124 1516 2188 connecteret
1571 2120 1826 2187 viscera
1875 2122 2350 2209 proximorum,
2386 2144 2523 2188 non
2564 2122 2851 2211 perfecte

409 2232 543 2281 exist
563 2231 614 2282 in
745 2223 819 2288 in
849 2223 1168 2304 absentia,
1199 2227 1400 2311 prout
1428 2227 1780 2310 optaverat
1807 2223 1882 2287 in
1911 2244 2191 2310 egressu,
2224 2225 2632 2291 custodierat
2660 2225 2854 2291 corda

411 2297 497 2348 ²¹¹⁶
519 2298 719 2364 Abbey.
745 2326 1046 2404 fratrum,
1108 2324 1724 2412 intelligentiasque
1786 2324 2229 2407 villanorum;
2273 2326 2478 2392 immo
2523 2326 2854 2415 paulisper

746 2428 978 2494 tritam
1039 2428 1508 2512 turbatamque
1555 2432 1954 2514 perceperat,
2002 2428 2270 2494 modum
2327 2433 2547 2495 tamen
2597 2434 2851 2517 pertur-

747 2530 1051 2608 bationis,
1080 2535 1150 2595 et
1180 2551 1465 2610 causam,
1510 2529 1778 2615 penitus
1817 2528 2187 2616 ignorabat.
2281 2529 2483 2596 Unde
2527 2531 2847 2597 calamum

748 2630 1004 2696 diutius
1043 2630 1188 2717 jam
1232 2636 1624 2717 pausantem
1673 2630 1763 2695 ad
1810 2651 1976 2716 opus
2018 2630 2163 2717 jam
2225 2637 2587 2719 exasperat,
2630 2631 2852 2698 fratri-

746 2732 1000 2818 busque
1073 2731 1504 2819 temporalem
1578 2731 2229 2799 administrationem
2314 2733 2715 2801 habentibus
2780 2734 2852 2799 in

744 2834 925 2900 hunc
969 2834 1238 2900 modum
1283 2832 1545 2900 litteras
1590 2833 1976 2902 mandat.—

410 2950 493 3002 He
515 2951 682 3003 writes
836 2940 872 2971 “
897 2936 1163 3002 Fratres
1203 2935 1474 3023 politici,
1507 2941 1579 3002 et
1606 2936 1757 3017 viri,
1787 2941 1986 3022 prout
2028 2956 2382 3024 speramus,
2415 2936 2484 3003 in
2530 2937 2855 3026 regimine

409 3032 678 3149 *ἐξὲξ
750 3045 785 3072 “
829 3034 1085 3125 pacifici
1127 3038 1306 3117 satis,
1349 3059 1426 3103 ac
1470 3036 1770 3104 modesti.
1864 3037 2240 3105 Recolimus
2283 3060 2422 3121 nos,
2452 3044 2522 3105 et
2566 3061 2704 3119 vos,
2747 3041 2852 3106 uti

411 3150 559 3200 letter
579 3159 634 3200 to
749 3148 782 3176 “
827 3140 1171 3218 credimus,
1218 3161 1636 3227 nequaquam
1664 3139 1694 3178 ‘¹'
1713 3140 2035 3206 hactenus
2082 3140 2277 3207 obliti
2307 3142 2485 3219 estis,
2529 3143 2855 3228 quomodo

405 3215 500 3332 ,Ἓξ
518 3216 688 3334 {22²3}
748 3247 784 3279 “
830 3243 902 3307 in
948 3252 1179 3308 nostra
1221 3241 1600 3308 ascensione
1645 3262 1875 3308 versus
1919 3241 2125 3329 Alpes
2169 3264 2395 3330 pacem
2440 3244 2632 3310 vobis
2676 3245 2855 3311 dedi-

409 3349 496 3399 the
519 3355 641 3400 tem-
681 3299 718 3349 g
746 3349 785 3380 ‘³
829 3366 994 3426 mus,
1040 3365 1266 3431 pacem
1312 3343 1645 3410 vobiscum
1693 3343 2099 3431 reliquimus,
2152 3364 2229 3411 ac
2281 3345 2354 3410 in
2397 3349 2676 3433 utroque
2715 3369 2857 3412 ves-

409 3417 673 3535 ffl,
747 3453 784 3482 “
828 3451 937 3512 tro
981 3445 1319 3533 regimine,
1366 3450 1445 3513 ut
1490 3445 1937 3534 fungeremini
1984 3446 2221 3545 mediis
2265 3447 2459 3534 pacis,
2506 3448 2852 3534 plusquam

410 3548 473 3596 of
487 3547 574 3598 the
747 3555 785 3583 “
829 3546 1073 3635 septies
1101 3546 1558 3628 instabamus3
1600 3546 1628 3587 ⁸
1648 3547 2056 3614 occasionem
2101 3547 2302 3634 hujus
2343 3548 2721 3614 donationis
2764 3570 2853 3615 ex

412 3614 618 3680 Abbey.
747 3658 785 3685 “
829 3648 953 3715 hoc
997 3654 1348 3730 sumentes,
1381 3650 1559 3735 quod
1605 3650 1735 3715 nisi
1781 3650 1958 3737 pacis
2001 3650 2073 3715 in
2118 3649 2519 3737 temporibus
2561 3671 2697 3716 non
2741 3650 2856 3716 de-

748 3759 783 3787 “
827 3749 967 3817 bite
1043 3750 1425 3816 immolatur
1491 3751 1769 3818 victima
1836 3751 2034 3838 pacis,
2093 3773 2308 3838 neque
2368 3751 2616 3839 absque
2678 3754 2855 3840 pacis

746 3859 785 3889 “
829 3849 1161 3917 sacrificiis
1241 3851 1490 3939 poterit
1574 3852 2010 3939 quodcunque
2098 3853 2484 3940 obsequium
2556 3859 2852 3921 vestrum

749 3962 786 3992 “
828 3953 1229 4041 acceptabile
1286 3952 1433 4019 fieri
1490 3953 1562 4021 in
1622 3953 1829 4021 oculis
1887 3955 2139 4042 pacifici
2192 3954 2636 4023 Plasmatoris.
2725 3956 2855 4022 Re-

751 4064 787 4092 “
831 4060 1270 4123 memorantes
1312 4053 1537 4145 igitur,
1584 4054 1840 4139 fratres,
1884 4078 2035 4123 cum
2097 4057 2467 4145 praemissis,
2528 4058 2854 4144 quomodo

819 4338 837 4372 ¹
858 4336 1066 4390 abluam
1086 4337 1141 4389 in
1162 4336 1277 4390 MS.
1844 4339 1931 4391 the
1951 4339 2168 4407 margin,
2190 4340 2244 4391 in
2266 4355 2299 4392 a
2318 4340 2446 4392 later
2465 4340 2621 4393 hand.

815 4417 839 4451 ²
860 4419 989 4468 inter
1013 4426 1228 4469 exn-eum
1246 4416 1533 4485 gaudiorum
1555 4424 1755 4469 neutra-
1911 4417 1933 4452 ³
1954 4417 2277 4486 Philippicas
2296 4419 2364 4469 iv,
2392 4423 2438 4472 7.

748 4497 813 4549 Iu's
850 4504 1056 4549 steterat
1090 4497 1134 4549 is
1165 4496 1317 4563 given
1335 4495 1388 4548 in
1412 4497 1556 4564 place
1579 4495 1639 4548 of
1654 4496 1757 4548 this
1911 4496 1933 4530 ⁴
1954 4506 2154 4549 actenus
2174 4497 2230 4547 in
2252 4498 2368 4551 MS.

749 4579 850 4628 and
884 4578 971 4628 the
1007 4578 1105 4629 five
1143 4576 1409 4643 following
1430 4577 1593 4628 words
1614 4596 1629 4638 ς
1663 4577 1759 4627 but
1915 4576 1937 4609 ⁸
1956 4593 2159 4627 cansam
2193 4576 2486 4644 originally,
2506 4579 2599 4629 but
2620 4576 2742 4629 with
2766 4591 2854 4628 ex·

749 4654 874 4706 with
921 4662 1240 4723 expunctory
1294 4654 1465 4707 marks
1518 4655 1754 4719 beneath,
1847 4663 2097 4722 punctory
2117 4655 2307 4709 marks.

748 4733 836 4788 the
860 4733 1005 4785 other
1025 4735 1189 4786 words
1210 4736 1366 4801 being
1387 4734 1685 4788 substituted
1704 4733 1759 4785 in
