3467 5717
787 794 917 862 226
1450 806 1765 860 Annum
1809 806 2232 860 Momm-mm

354 1046 358 1050 .
452 1002 819 1066 A.1>.142e,-7.“
865 993 1071 1060 libros
1115 992 1549 1079 possidebatis
1592 991 1888 1080 vulgaris
1931 990 1958 1029 ²
1975 989 2333 1068 idiomatis,
2364 1011 2647 1076 quorum
2689 989 2895 1055 libro·

788 1103 827 1133 “
870 1114 1021 1162 rum
1066 1095 1398 1161 sententia
1440 1095 1570 1160 etsi
1613 1117 1655 1160 a
1697 1093 2002 1160 fidelibus
2070 1094 2383 1159 Tartareo
2438 1092 2659 1159 toxico
2718 1091 2894 1156 dica-

789 1207 823 1235 “
869 1204 983 1265 tur
1044 1199 1346 1277 deterior,
1411 1197 1956 1284 pestilentiorque
2024 1196 2346 1263 Oerberea
2406 1193 2433 1234 ²
2448 1197 2727 1275 aconita,
2773 1217 2894 1260 vos

791 1310 824 1339 ‘⁴
867 1301 1299 1367 nihilominus
1342 1300 1579 1366 horum
1621 1299 1944 1367 librorum
1972 1299 2446 1386 frequentantis
2489 1300 2788 1376 lecturas,
2817 1320 2894 1364 ac

793 1411 827 1438 “
874 1422 1138 1468 sensum
1198 1402 1593 1490 exposuistis
1643 1402 2049 1490 pestiferum,
2092 1402 2167 1467 in
2225 1401 2724 1469 subversionem
2768 1399 2892 1467 Oa-

792 1513 827 1543 “
870 1504 1100 1571 tholici
1147 1505 1490 1593 dogmatis,
1536 1509 1607 1571 et
1650 1505 1864 1571 fidelis
1906 1504 2138 1593 populi
2180 1504 2741 1571 intoxicationem.

880 1614 918 1644 ⁴‘
947 1608 1124 1673 Nam
1188 1609 1262 1672 in
1323 1607 1539 1695 primo
1603 1607 1917 1695 Capitulo
1979 1606 2178 1673 unius
2239 1606 2450 1673 libelli
2511 1628 2711 1695 penes
2777 1625 2893 1673 vos

786 1717 824 1747 “
867 1711 1130 1797 reperti,
1178 1710 1359 1776 inter
1385 1709 1521 1775 alia
1548 1709 1790 1776 frivola
1834 1714 1905 1776 et
1947 1706 1975 1749 ⁸
1993 1710 2332 1776 enormela
2363 1709 2560 1790 dicta,
2590 1730 2892 1797 expresse

784 1818 819 1849 “
863 1810 1177 1879 scribitur
1219 1812 1549 1900 quomodo
1601 1812 1881 1894 inutilis,
1927 1811 2132 1878 immo
2177 1816 2249 1879 et
2291 1811 2320 1851 ⁴
2336 1812 2742 1892 execrabilis,
2790 1816 2892 1878 est

784 1923 817 1952 “
861 1914 980 1980 illa
1007 1913 1341 1981 ordinatio
1371 1913 1700 1997 Ecclesiae,
1733 1934 1885 2001 quae
1914 1913 2225 2003 prohibet
2270 1913 2296 1953 ⁵
2311 1916 2726 2002 presbyteros
2753 1934 2891 1980 non

785 2021 823 2052 “
869 2016 1115 2095 missos,
1149 2023 1219 2084 et
1247 2016 1468 2083 minus
1512 2015 1910 2083 sufficienter
1953 2016 2332 2098 instructos,
2363 2017 2637 2084 Sacrum
2667 2017 2894 2083 Evan-

785 2122 824 2156 “
868 2119 1115 2207 gelium
1184 2140 1303 2207 pro
1362 2119 1560 2187 libito
1620 2119 1994 2207 praedicare.
2087 2116 2579 2207 Submuenter
2632 2140 2892 2207 quoque

786 2226 825 2259 “
869 2222 943 2286 in
988 2221 1217 2288 eodem
1258 2221 1569 2310 Capitulo
1614 2223 1890 2310 ponitur
1934 2223 2260 2308 quomodo
2306 2222 2622 2289 Summus
2665 2223 2894 2289 Ponti·

787 2328 825 2362 “
867 2323 997 2406 feX,
1035 2323 1224 2390 velut
1268 2324 1440 2391 alter
1483 2325 1510 2364 ⁰
1527 2324 1997 2405 Antichristus,
2044 2325 2383 2413 dispensat
2427 2326 2892 2413 indulgentias,

789 2433 823 2462 “
869 2426 1215 2494 confirmat
1258 2427 1838 2515 peregrinationes,
1869 2427 2178 2515 prohibet
2210 2429 2530 2494 lecturam
2573 2427 2891 2495 librorum

786 2535 822 2564 “
868 2529 941 2594 in
970 2529 1231 2615 vulgari
1276 2528 1301 2571 ⁷
1319 2529 1652 2610 idiomate,
1684 2530 2025 2597 interdicit
2070 2530 2388 2611 ecclesias,
2428 2552 2506 2598 ac
2547 2532 2892 2618 suspendit

789 2637 824 2667 “
868 2630 1287 2718 presbyteros
1346 2654 1389 2698 a
1447 2633 1829 2699 divinorum
1890 2632 2348 2700 celebratione.
2446 2633 2704 2699 Deinde
2765 2632 2890 2700 Ca-

783 2738 824 2771 “
868 2732 1085 2820 pitulo
1130 2733 1380 2800 decimo
1439 2735 1825 2817 affirmatur,
1872 2734 2030 2802 licet
2074 2754 2184 2801 ore
2228 2732 2256 2775 ⁸
2271 2734 2560 2822 profano,
2606 2736 2893 2822 qualiter

790 2841 825 2872 “
870 2856 1098 2901 omnes
1136 2834 1427 2902 ministri
1457 2836 1766 2904 Ecclesiae
1794 2836 1975 2925 paris
2019 2842 2182 2904 sunt
2217 2838 2570 2924 potestatis
2598 2837 2674 2902 in
2701 2838 2892 2925 spiri-

790 2943 826 2973 “
871 2936 1044 3003 tuali
1082 2937 1564 3024 jurisdictione,
1611 2939 1920 3026 quodque
1964 2939 2222 3007 fi-ivolae
2266 2938 2399 3005 sint
2440 2939 2890 3006 absolutiones

791 3042 827 3076 ‘⁴
873 3058 916 3105 a
960 3058 1160 3126 poena.
1193 3043 1263 3106 et
1307 3062 1349 3105 a
1393 3040 1603 3128 culpa,
1635 3060 1941 3127 vanaque
1986 3060 2063 3107 ac
2107 3060 2512 3129 supervacua
2555 3041 2885 3130 suffragia,

788 3146 825 3180 “
871 3147 1011 3208 tam
1070 3163 1190 3230 pro
1254 3143 1432 3210 vivis
1495 3162 1695 3229 quam
1756 3162 1878 3232 pro
1939 3145 2234 3226 mortuis,
2295 3144 2383 3209 ab
2443 3143 2893 3212 ecclesiasticis

791 3246 828 3281 “
871 3244 1308 3331 frequentata.

879 3354 917 3385 “
948 3346 1290 3414 Postremo
1319 3368 1494 3431 vero,
1528 3348 1601 3413 in
1632 3348 1860 3416 eodem
1891 3347 2245 3428 volumine,
2276 3348 2350 3413 in
2397 3349 2685 3434 quodam
2727 3354 2894 3416 trac-

788 3456 824 3487 “
867 3453 1022 3517 tatu
1064 3451 1344 3538 private,
1390 3457 1668 3518 vocatur
1725 3451 2070 3519 veneratio
2113 3449 2523 3537 ”imaginum
2581 3452 2892 3539 supersti-

789 3558 826 3588 “
868 3553 1043 3618 tiosa
1100 3551 1360 3619 culture.
1410 3552 1736 3620 idolorum
1770 3578 1786 3635 ;
1847 3553 2289 3640 dicunturque
2347 3559 2767 3619 veneratores
2816 3555 2890 3619 in

788 3656 826 3688 “
871 3652 1006 3717 illis
1049 3652 1297 3719 similes
1340 3654 1458 3741 qui
1502 3656 1787 3722 adorant
1846 3654 2197 3744 sculptilia,
2242 3659 2312 3721 et
2356 3657 2473 3743 qui
2520 3654 2892 3743 gloriantur

791 3760 827 3790 ‘⁴
874 3754 946 3818 in
978 3753 1343 3821 simulacris
1374 3757 1524 3824 suis.
1601 3755 1656 3797 ¹⁰
1667 3758 1802 3825 Sed
1835 3763 2129 3845 quantus
2168 3758 2243 3822 in
2272 3757 2404 3823 hiis
2441 3757 2638 3824 dictis
2683 3758 2892 3824 lateat

791 3861 827 3890 “
872 3854 1146 3942 spiritus
1199 3858 1531 3943 pestilens,
1575 3860 1919 3947 qualisque
1979 3878 2146 3926 aura.
2202 3878 2640 3947 corrumpens,
2700 3861 2891 3925 novit

791 3963 826 3993 “
873 3957 1098 4039 clerus,
1144 3959 1339 4025 novit
1368 3962 1666 4048 populus,
1698 3962 1895 4028 novit
1938 3964 2009 4028 et
2052 3961 2525 4048 unusquisque,
2556 3960 2888 4043 videlicet,

793 4067 828 4095 “
872 4059 1109 4141 fidelis,
1159 4061 1357 4129 isthic
1402 4064 1597 4130 modo
1641 4084 1946 4152 praesens.

885 4168 920 4197 “
953 4161 1192 4249 Igitur,
1219 4164 1363 4245 filii,
1394 4166 1453 4231 si
1483 4187 1601 4232 vos
1631 4187 1783 4233 cum
1812 4165 2135 4232 ministris
2165 4162 2216 4204 ¹²
2240 4164 2631 4250 Babyloniae
2660 4162 2892 4250 hujus-

862 4345 877 4374 ¹
896 4342 1155 4408 ydiomatis
1177 4345 1235 4393 in
1256 4346 1370 4396 MS.
1952 4348 1973 4385 ⁷
1991 4347 2232 4411 ydiomate
2250 4348 2304 4397 in
2325 4347 2439 4399 ΜΒ.

861 4423 883 4452 ²
902 4421 1130 4473 achonita
1152 4422 1206 4474 in
1226 4423 1341 4474 ΜΒ.
1953 4427 1976 4459 ⁸
1989 4425 2252 4491 prophano
2294 4426 2350 4475 in
2373 4425 2488 4477 ΜΒ.

858 4500 881 4534 ³
904 4500 991 4553 Sic
1012 4501 1066 4553 in
1087 4501 1199 4554 ΜΒ.
1953 4505 1975 4538 ⁹
1991 4508 2158 4570 ymayi
2156 4522 2521 4559 .......
2551 4504 2795 4572 ydolorum
2839 4507 2894 4558 in

863 4580 883 4613 ⁴
905 4579 1218 4632 emm-abilis
1239 4582 1295 4633 in
1326 4578 1442 4635 ΜΒ.
1886 4585 1999 4638 ΜΒ.

861 4659 882 4690 ⁶
898 4658 1199 4724 presbiteros
1219 4660 1273 4710 in
1294 4658 1407 4713 ΜΒ.
1954 4662 1995 4695 ¹⁰
2020 4662 2111 4713 Set
2128 4663 2186 4713 in
2209 4662 2323 4715 ΜΒ.

862 4736 885 4768 ⁶
905 4736 1251 4789 Antea-kristin
1270 4740 1325 4790 in
1346 4736 1461 4793 ΜΒ.
1955 4740 1988 4774 ¹¹
2016 4740 2296 4793 Babilonioe
2316 4741 2370 4793 in
2391 4740 2505 4794 MS.
