3467 5717
745 797 875 860 438
1534 808 1896 858 APPEme
1942 792 2071 878 (D).

744 1005 779 1033 “
824 998 1029 1080 rum‚''
1076 998 1151 1063 in
1194 998 1434 1079 medio,
1481 996 1604 1063 sub
1649 1018 1859 1083 parvo
1901 996 2122 1084 lapide
2183 1017 2570 1077 marmoreo,
2627 996 2848 1085 figura

740 1100 1026 1166 Abbatis
1056 1099 1081 1139 ¹
1099 1100 1362 1188 RogerL
1392 1122 1502 1165 cor
1528 1099 1705 1165 infra
1732 1121 1969 1164 manus
1995 1099 2377 1186 bajulantiS,
2401 1099 2848 1178 condiebatur,

741 1204 857 1289 qui
884 1203 1024 1268 suis
1051 1201 1387 1268 beneficiis
1409 1203 1791 1290 promeruit,
1812 1207 1893 1267 ut
1913 1201 1988 1265 in
2011 1201 2215 1267 Missa
2235 1201 2573 1268 cotidiana
2598 1200 2848 1267 ibidem

740 1326 861 1391 pro
907 1303 1448 1370 Benefactoribus
1493 1309 1563 1369 et
1606 1303 1756 1368 aliis
1801 1302 2029 1369 eodem
2075 1303 2184 1369 die
2201 1302 2228 1344 ²
2365 1365 2370 1370 ,
2541 1304 2847 1391 perlectis

740 1429 782 1471 a
810 1406 1184 1472 celebrante
1226 1405 1405 1472 inter
1434 1405 1695 1472 eosdem
1725 1427 1849 1493 pro
1879 1406 2110 1471 eodem
2161 1405 2429 1472 Abbate
2479 1406 2850 1493 specialiter

739 1508 1009 1574 celebris
1040 1509 1363 1574 Memoria
1391 1507 1730 1574 habeatur.
1822 1506 1934 1573 Ad
1965 1506 2143 1594 quod
2164 1508 2368 1574 etiam
2397 1508 2610 1574 altare
2641 1508 2848 1573 Missa

739 1609 1003 1677 Sanctae
1049 1610 1299 1688 Mariae,
1331 1632 1483 1696 quae
1523 1615 1560 1645 “
1580 1609 1788 1674 Missa
1818 1608 2122 1690 Quatuor
2153 1609 2506 1677 Cereorum
2525 1610 2557 1635 '⁹
2581 1609 2842 1689 dicitur,

737 1712 978 1778 cotidie
1030 1712 1412 1779 celebratur.
1504 1711 1592 1777 In
1634 1734 1788 1798 qua,
1835 1711 2141 1779 Secunda
2192 1712 2500 1794 Collecta„
2563 1718 2636 1778 et
2699 1734 2843 1800 spe·

737 1813 920 1879 cialis
964 1813 1251 1880 habetur
1293 1838 1336 1879 a
1379 1813 1752 1880 celebrante
1782 1814 2102 1880 Memoria
2147 1836 2266 1901 pro
2310 1820 2496 1881 statu
2539 1814 2737 1902 hujus
2772 1819 2842 1880 et

738 1915 1131 1982 universalis
1191 1915 1519 1995 Ecclesiae,
1582 1915 1945 1981 Oratio—“
1967 1915 2275 1984 Ecclesiae
2334 1922 2491 1995 tuae,
2538 1916 2840 1996 Domine,

737 2027 771 2054 “
816 2039 1037 2105 preces
1055 2018 1088 2049 ''
1133 2024 1195 2085 et
1235 2025 1484 2085 caetera.

826 2120 914 2185 In
979 2120 1247 2207 Capella
1288 2141 1445 2186 vero
1505 2120 1733 2186 Beatae
1778 2119 2094 2207 Virginis,
2140 2120 2214 2184 in
2258 2123 2446 2207 parte
2513 2116 2541 2158 ⁸
2561 2118 2838 2200 Boreali,

735 2246 936 2312 prope
964 2225 1248 2312 gradum
1296 2230 1670 2291 extremum
1718 2223 1972 2302 altaris,
2000 2224 2123 2289 sub
2157 2224 2414 2289 duobus
2456 2223 2840 2289 marmoreis

732 2327 1080 2414 lapidibus,
1104 2326 1331 2413 jacent
1364 2326 1691 2393 Dominus
1730 2325 2075 2392 Alffonsus
2104 2325 2189 2392 de
2229 2324 2403 2392 Veer
2436 2331 2506 2391 et
2550 2325 2840 2390 Domina

731 2428 779 2494 J
780 2429 1057 2508 ohanna,
1104 2451 1275 2495 uxor
1303 2428 1611 2515 ejusdem,
1645 2434 1845 2516 prout
1889 2428 1964 2493 in
1993 2449 2217 2494 eorum
2243 2426 2273 2466 4
2293 2427 2651 2515 epitaphiis
2692 2427 2838 2514 pul-

732 2532 904 2597 chris
966 2536 1069 2597 est
1133 2532 1543 2618 impressum.
1637 2530 1852 2618 Prope
1913 2528 1940 2568 ⁵
1958 2531 2202 2596 ostium
2245 2527 2273 2567 ⁶
2291 2529 2472 2616 quod
2518 2530 2705 2596 ducit
2748 2532 2834 2596 ab

729 2635 959 2699 eadem
1006 2633 1274 2720 Capella
1317 2654 1550 2700 versus
1594 2633 1914 2699 scrinium
1980 2631 2211 2699 Sancti
2255 2630 2664 2720 Amphibali,
2707 2631 2832 2698 sub

725 2735 944 2822 lapide
988 2756 1350 2802 marmoreo
1394 2735 1613 2822 plan0‚
1634 2734 1819 2821 jacet
1861 2734 1911 2800 J
1912 2734 2204 2801 ohannes
2253 2734 2547 2801 Kestone
2577 2760 2594 2817 3
2643 2734 2747 2821 cuj
2755 2756 2833 2800 us

726 2838 967 2904 animae
1012 2837 1408 2924 propitietur
1452 2835 1652 2904 Deus.

817 2942 1008 3007 Inter
1037 2939 1223 3027 cujus
1267 2938 1598 3006 tumulum
1629 2943 1700 3004 et
1745 2939 1996 3006 dictum
2030 2938 2347 3007 feretrum
2391 2938 2616 3006 Sancti
2659 2937 2827 3004 Am-

728 3042 981 3130 phibali
1016 3042 1197 3127 jacet
1228 3042 1512 3108 Thomas
1543 3041 2009 3123 Shornburwe‚
2058 3043 2392 3128 quondam
2425 3041 2829 3107 Senescallus

726 3144 927 3230 hujus
957 3144 1357 3225 monasterii,
1390 3150 1461 3211 et
1489 3145 1893 3210 Recordator
1924 3143 2438 3224 Londoniarum,
2457 3143 2582 3209 sub
2609 3142 2833 3231 lapide

726 3268 1106 3326 marmoreo,
1152 3251 1222 3312 et
1267 3246 1408 3333 ejus
1454 3244 1480 3288 ⁷
1502 3246 1794 3333 imagine
1839 3245 2184 3329 decorat03
2228 3245 2342 3312 ⁸et
2385 3268 2605 3313 coram
2634 3246 2831 3312 altari

726 3348 1054 3414 Dominus
1091 3346 1479 3427 willelmus,
1527 3347 1894 3434 Episcopus
1940 3348 2228 3416 Cestriae.
2321 3348 2585 3414 Ibidem
2629 3348 2834 3414 etiam

722 3455 901 3517 retro
919 3450 1155 3516 Altare
1173 3450 1627 3536 Reliquiarum
1638 3449 1820 3537 jacet
1844 3449 2170 3516 Dominus
2187 3450 2519 3517 Robertus
2542 3450 2828 3533 Tmnch,

724 3553 1054 3640 quondam
1103 3550 1514 3618 Feretrarius
1560 3551 1793 3619 Sancti
1836 3551 2101 3633 Albani,
2146 3553 2262 3639 qui
2323 3552 2577 3620 dictum
2620 3553 2829 3619 altare

721 3676 838 3740 pro
903 3654 1202 3739 reliquiis
1276 3655 1660 3720 monasterii
1730 3654 2053 3735 instituit,
2122 3661 2195 3721 et
2268 3654 2692 3720 vestimentis
2758 3661 2829 3721 et

722 3756 1126 3822 ornamentis
1193 3754 1339 3819 aliis
1400 3756 1826 3835 instauravit,
1894 3760 1964 3822 et
2023 3756 2156 3822 alia
2208 3756 2612 3824 Monasterio
2671 3779 2826 3823 con-

719 3859 902 3942 tulit,
932 3862 1014 3924 ut
1057 3857 1132 3922 in
1161 3855 1375 3926 Libro
1403 3856 1931 3945 Bmfactorum
1959 3858 2219 3946 plenius
2241 3859 2640 3926 annotatur.
2731 3860 2825 3925 Et

720 3961 802 4027 de
830 3966 1131 4051 tempore
1176 3959 1497 4026 Willelmi
1525 3959 1814 4026 Abbatis
1846 3960 2173 4027 Dominus
2202 3960 2574 4027 Willelmus
2604 3960 2824 4027 West·

717 4065 937 4151 wyke,
1001 4063 1336 4150 quondam
1386 4062 1821 4145 Camerarius,
1882 4063 1971 4129 ad
2027 4063 2214 4129 aliud
2275 4064 2538 4143 ostium,
2597 4085 2825 4130 versus

716 4165 924 4231 altare
989 4165 1290 4246 Quatuor
1360 4164 1737 4248 Cet-eorum,
1786 4164 1911 4230 sub
1970 4165 2356 4253 pavimento
2409 4166 2821 4248 tumulatur3

783 4364 1722 4429 ¹Alreadynamed38eepage434
1877 4362 2335 4418 ‘hortiuminMS

713 4451 842 4493 ante.
1876 4443 1899 4476 ⁶
1920 4460 2027 4508 quoe
2050 4444 2105 4494 in
2127 4444 2240 4496 MS.

780 4522 803 4554 ²
824 4521 951 4574 Thin
999 4524 1134 4572 word
1180 4520 1223 4573 is
1268 4523 1565 4589 apparently
1608 4522 1720 4574 ille-
1875 4521 1897 4560 ⁷
1914 4524 2138 4589 ymayt'ne
2160 4522 2215 4573 in
2236 4523 2352 4575 MS.

711 4601 847 4665 gible
874 4621 887 4660 ς
926 4602 1182 4665 iuopitorio
1206 4607 1258 4652 to
1280 4601 1349 4652 all
1372 4617 1695 4667 appearance.
1876 4601 1898 4633 ⁸
1919 4601 2043 4652 This
2066 4617 2278 4668 passage
2311 4602 2354 4653 is
2377 4602 2542 4653 added
2561 4600 2617 4653 in
2636 4617 2669 4653 a
2689 4601 2817 4654 later

777 4679 799 4711 ⁸
822 4678 1023 4729 Boo-iata·
1043 4680 1098 4730 in
1120 4681 1237 4732 MS.
1807 4681 1957 4731 hand.
2022 4680 2216 4746 Binhop
2257 4679 2484 4734 william
2528 4680 2816 4749 Heyworth

776 4758 796 4789 ⁴
820 4757 1153 4824 ephimaplaiis
1173 4759 1225 4810 in
1248 4759 1361 4810 MS.
1806 4760 1925 4812 died
1945 4759 1999 4812 in
2026 4763 2171 4812 1447.
