3467 5717
741 809 872 885 170
1407 822 1723 878 ANNALES
1765 822 2190 877 Momsrnnn

410 1034 549 1090 A.D.
579 1040 723 1089 1423.
748 1023 785 1058 “
829 1018 856 1060 1
874 1015 1362 1088 Constitutioni
1405 1015 1732 1083 Bonifacii
1778 1015 2037 1096 Octavi,
2082 1015 2464 1103 disponenti
2509 1036 2706 1106 super
2755 1016 2862 1084 in-

750 1126 787 1160 “
829 1123 1290 1211 vestigatione,
1326 1118 1647 1206 captione,
1695 1118 2015 1201 custodia,
2062 1124 2134 1186 et
2174 1119 2543 1207 punitione,
2591 1120 2855 1187 haereti-

749 1235 784 1263 “
830 1247 1052 1292 corum
1096 1222 1123 1263 ²
1142 1223 1483 1290 fautorum
1526 1218 1554 1261 ⁸
1570 1220 1886 1287 faciendis
1928 1225 1999 1286 et
2043 1222 2472 1308 procurandis
2501 1243 2619 1309 per
2646 1222 2857 1289 domi-

752 1336 789 1364 “
834 1350 954 1394 nos
997 1331 1067 1394 et
1109 1331 1390 1393 rectores
1451 1324 1848 1412 temporales
1909 1324 2218 1404 locorum,
2267 1324 2510 1390 addere
2569 1325 2856 1412 cupiens,

752 1436 787 1466 “
832 1429 1075 1496 statuit
1140 1429 1281 1495 haec
1350 1427 1598 1494 Sancta
1639 1427 1975 1514 synodus,
2022 1426 2202 1513 quod
2246 1426 2623 1514 quicunque
2680 1429 2861 1516 capi-

753 1535 790 1568 “
835 1536 1022 1599 entes
1063 1528 1428 1609 haereticos,
1474 1533 1546 1595 et
1606 1529 1680 1594 in
1707 1539 1718 1549 '
1747 1532 2150 1616 potestatem
2202 1528 2689 1596 ordinariorum
2748 1532 2856 1598 vel

749 1639 789 1670 “
833 1634 1300 1720 inquisitorum
1345 1629 1675 1699 haereticae
1717 1630 2077 1719 pravitatis
2121 1629 2562 1699 effectualiter
2604 1653 2853 1720 ponen-

748 1742 783 1773 “
829 1742 946 1817 teS‚
967 1736 1102 1802 'vel
1163 1756 1273 1803 eos
1334 1756 1497 1822 quos
1564 1734 1860 1800 detinere
1926 1756 2042 1800 seu
2110 1755 2337 1821 capere
2382 1755 2521 1800 non
2558 1740 2854 1823 possent,

745 1848 782 1874 “
824 1837 952 1905 4de
996 1859 1221 1905 eorum
1265 1838 1292 1878 ⁵
1314 1836 1648 1904 territorio
1693 1835 1964 1902 omnino
1994 1835 2396 1924 expellentes
2439 1841 2562 1903 aut
2607 1838 2849 1903 banni-

747 1948 781 1977 “
826 1946 1027 2020 entes,
1057 1962 1175 2007 seu
1205 1940 1409 2007 etiam
1448 1939 1755 2026 requisiti
1798 1939 2146 2005 brachium
2187 1937 2215 1978 ⁶
2231 1940 2589 2026 temporale
2616 1946 2850 2007 contra

748 2049 783 2079 “
827 2043 995 2109 tales
1056 2045 1463 2131 praestanteS,
1530 2062 1676 2107 eam
1742 2040 2230 2128 indulgentiam
2295 2039 2323 2078 ⁷
2341 2047 2847 2128 consequantur,

749 2152 787 2182 “
832 2166 984 2232 quae
1045 2145 1190 2212 dari
1250 2143 1593 2211 consuevit
1657 2143 2086 2230 personaliter
2152 2141 2720 2231 proficiscentibus
2773 2145 2850 2210 in

745 2256 779 2284 “
823 2247 1189 2314 subsidium
1231 2245 1450 2314 Terrae
1481 2245 1760 2313 Sanctae.
1851 2245 2132 2312 Mandat
2177 2244 2385 2311 etiam
2429 2245 2737 2313 omnibus
2764 2248 2851 2314 ad

746 2360 783 2389 “
827 2372 990 2438 quos
1018 2353 1273 2439 spectat
1301 2349 1618 2437 deputare
1647 2347 2074 2433 inquisitores
2103 2347 2433 2415 haereticae
2478 2349 2844 2435 pravitatis,

746 2461 780 2490 “
825 2459 906 2520 ut
963 2454 1038 2519 in
1085 2451 1515 2540 deputatione
1558 2448 1585 2491 ⁸
1606 2454 1996 2517 conservent
2042 2449 2415 2518 Concilium
2457 2450 2847 2530 Viennense‚

745 2562 780 2594 “
827 2579 904 2623 ac
948 2554 1021 2622 in
1063 2555 1222 2623 locis
1265 2553 1659 2643 insignibuS,
1691 2553 1801 2621 vel
1846 2553 1964 2620 ubi
1992 2551 2406 2640 frequentius
2449 2553 2476 2593 ⁹
2492 2553 2849 2640 pullularet

746 2665 784 2696 “
826 2658 1110 2738 haeresia
1182 2655 1236 2697 ¹⁰
1251 2678 1662 2744 quaecunque
1723 2677 1858 2722 non
1922 2655 2267 2744 deputent,
2315 2657 2447 2722 nisi
2492 2656 2848 2745 Magistros

744 2766 784 2798 ‘⁶
826 2761 899 2826 in
930 2760 1131 2825 Sacra
1175 2758 1446 2848 Pagina,
1491 2757 1549 2824 si
1592 2756 1644 2797 11
1663 2758 1898 2825 haberi
1933 2759 2274 2825 commode
2302 2759 2572 2847 possint.
2661 2760 2849 2827 Alio-

745 2871 781 2899 “
826 2863 1005 2950 quin,
1084 2861 1247 2928 alios
1321 2858 1374 2900 ¹²
1395 2859 1723 2928 doctiores
1792 2865 1862 2928 et
1930 2860 2219 2949 aptiores
2285 2882 2447 2949 quos
2508 2861 2848 2928 valuerint

741 2971 780 3003 “
823 2964 1125 3053 reperire.
1211 2961 1265 3004 ¹³
1286 2962 1695 3050 Hujusmodi
1769 2983 2031 3051 quoque
2105 2963 2439 3030 decretum
2498 2962 2713 3051 prima
2775 2969 2847 3031 et

744 3071 782 3105 ‘⁸
826 3072 1067 3155 quarta
1109 3066 1461 3134 Dominica
1506 3065 2063 3153 Quadragesimae,
2111 3071 2180 3134 et
2237 3065 2312 3131 in
2372 3065 2588 3133 Festis
2648 3065 2849 3134 Nati-

741 3175 777 3207 “
821 3169 1057 3236 vitatis
1102 3172 1172 3235 et
1200 3167 1725 3235 Resurrectionis
1754 3168 2027 3234 Domini
2070 3167 2284 3235 nostri
2328 3167 2532 3235 Ihesu
2576 3166 2846 3252 Christi,

740 3277 779 3309 ‘⁴
825 3270 1145 3338 ordinarii
1188 3269 1264 3337 in
1315 3271 1453 3338 suis
1498 3269 1780 3337 ecclesiis
1852 3269 2348 3358 principalibus,
2416 3270 2844 3358 inquisitores

744 3379 781 3410 “
823 3395 981 3441 vero
1025 3372 1291 3462 praefati
1334 3372 1409 3440 in
1451 3372 1506 3413 ¹4
1526 3374 1749 3461 aliqua
1791 3371 2060 3439 ecclesia
2103 3372 2350 3462 insigni
2395 3372 2690 3441 civitatis
2735 3376 2846 3442 vel

739 3481 778 3514 “
823 3475 1144 3543 Dioecesis
1172 3476 1290 3544 ubi
1319 3475 1531 3564 magis
1559 3474 1855 3543 viderint
1884 3474 2212 3564 expedire,
2252 3476 2516 3563 quando
2557 3478 2845 3564 populus

743 3584 785 3616 “
827 3578 1137 3645 convenit
1209 3579 1296 3645 ad
1358 3578 1610 3662 divina,
1664 3577 1943 3666 singulis
2008 3579 2204 3646 annis
2262 3584 2577 3668 perpetuo
2643 3581 2842 3648 intel-

742 3686 777 3718 “
821 3679 1165 3768 ligibiliter
1207 3679 1545 3769 publicare
1587 3684 1987 3764 teneantur3
2063 3685 2134 3750 et
2199 3678 2254 3721 ¹³
2274 3681 2582 3750 similiter
2644 3682 2844 3751 dictis

807 4032 824 4065 ¹
848 4031 1199 4084 Corwtitutione
1242 4030 1296 4082 in
1337 4031 1467 4093 MS„
1491 4034 1747 4086 corrected
1899 4032 1922 4064 ³
1942 4039 2161 4082 servetur
2181 4033 2234 4082 in
2250 4033 2336 4084 the
2366 4032 2607 4085 concilia.

736 4109 867 4164 from
889 4112 976 4164 the
1004 4110 1246 4164 Concilia.
1899 4118 1919 4147 ⁰
1933 4115 2191 4182 pululat-et
2209 4116 2263 4167 in
2284 4117 2399 4169 MS.

804 4191 828 4225 ²
847 4190 1488 4257 etfautorum.-Concilia.
1900 4193 1940 4226 ¹⁰
1963 4212 2266 4260 quoscunqtoe
2287 4196 2343 4246 in
2365 4196 2453 4248 the
2480 4197 2718 4249 concilia.

806 4269 1026 4332 ³fiendis
1047 4269 1101 4320 in
1121 4269 1208 4320 the
1237 4268 1476 4319 Camilia.
1900 4272 1937 4307 ¹¹
1960 4280 2119 4325 tamen
2139 4275 2706 4328 commoda—Chaonia.

805 4349 826 4378 ⁴
848 4347 976 4399 This
1020 4349 1123 4398 and
1166 4347 1257 4400 the
1299 4355 1423 4399 next
1466 4350 1607 4400 word
1661 4364 1747 4401 are
1900 4352 1941 4385 ¹²
1963 4352 2180 4404 doctores
2194 4354 2372 4407 inus.
2388 4356 2488 4406 and
2502 4355 2837 4408 theConcilia.

737 4428 973 4493 repeated
993 4425 1047 4476 in
1068 4426 1156 4478 the
1177 4425 1293 4480 MS.
1898 4433 1936 4464 ¹⁸
1957 4431 2128 4498 Hujus
2148 4432 2203 4484 in
2228 4433 2376 4498 Πᾶς
2411 4437 2671 4487 corrected
2704 4436 2835 4487 from

809 4510 831 4538 ⁸
851 4508 1111 4558 territoriis
1132 4524 1291 4559 onmes
1311 4507 1364 4559 in
1387 4509 1475 4560 the
1502 4507 1744 4562 concilia.
1829 4512 1917 4562 the
1945 4510 2186 4563 Cone-ilia.

805 4587 827 4619 ⁶
847 4586 1080 4638 saeculare
1102 4587 1154 4638 iu
1175 4588 1263 4639 the
1291 4587 1531 4640 Conciliat.
1899 4589 1937 4624 ¹⁴
1961 4590 2184 4643 Omitted
2206 4592 2259 4642 in
2283 4595 2368 4645 the
2395 4594 2636 4645 Cone-ilia.

803 4665 824 4703 7
847 4673 1186 4730 consequenter
1207 4667 1260 4719 in
1299 4668 1413 4722 MS.
1435 4691 1452 4733 ς
1488 4670 1745 4722 corrected
1896 4669 1936 4700 ¹⁵
1957 4669 2164 4733 sinyulis
2187 4668 2465 4724 Dominicis
2479 4672 2651 4727 diebus
2672 4674 2726 4726 in
2748 4674 2834 4727 the

736 4746 867 4797 from
882 4744 968 4797 the
996 4744 1237 4798 concilia.
1835 4748 2078 4801 Concilio.
