3467 5717
1273 890 1518 943 sANcrl
1563 890 1835 943 ALBANI.
2459 880 2588 942 365

576 1085 619 1115 “
663 1078 807 1144 Nec
849 1079 978 1145 scis
1021 1078 1110 1144 ab
1153 1079 1423 1166 obliquo
1469 1100 1655 1168 prece
1699 1080 1938 1166 quavis
1980 1079 2209 1145 cedere
2249 1084 2482 1169 coepto.
2618 1075 2756 1146 ΑΕΒ-
2787 1083 2931 1131 1⁴³3·

581 1188 617 1215 “
664 1181 745 1245 In
790 1182 964 1246 male
1008 1183 1343 1268 promissis
1385 1203 1507 1247 nec
1552 1182 1758 1248 verba
1799 1203 1920 1247 nec
1964 1186 2114 1246 acta
2156 1182 2486 1264 rescindis,

580 1291 617 1316 “
663 1282 748 1349 In
793 1278 1112 1349 meliusve
1156 1288 1350 1349 tuum
1392 1288 1613 1349 mutas
1657 1283 2030 1351 revocabile
2074 1289 2324 1351 votum.

582 1391 620 1420 “
666 1386 734 1450 N
737 1407 824 1452 on
867 1385 961 1452 sic
1004 1386 1115 1451 lex
1162 1386 1451 1453 Canonis
1496 1387 1704 1466 docet,
1752 1391 1874 1452 aut
1918 1391 1989 1451 te
2032 1386 2262 1474 regula
2294 1387 2484 1473 juris,

582 1494 617 1523 “
660 1486 680 1526 ²
707 1487 921 1553 Immo
965 1487 1176 1574 magis
1221 1508 1516 1553 normam
1561 1487 1690 1553 fert
1733 1487 1807 1551 in
1852 1487 2249 1574 rogitantibus
2291 1488 2597 1568 istam,—

581 1595 618 1624 “
666 1596 682 1624 ‘
711 1589 787 1656 Si
831 1589 1008 1655 bona
1049 1589 1158 1669 sit,
1204 1588 1373 1654 bene
1416 1593 1552 1655 stet
1595 1610 1714 1666 res,
1761 1611 1881 1676 pro
1927 1611 2061 1675 qua
2103 1594 2183 1654 tu
2227 1590 2546 1677 rogiteris,

576 1697 613 1727 “
659 1699 674 1724 ‘
703 1690 780 1758 Si
823 1691 1014 1770 mala,
1061 1710 1246 1755 mens
1290 1689 1523 1769 variet,
1572 1690 1761 1757 decet
1805 1696 1885 1757 ut
1928 1696 1997 1757 'oe
2041 1690 2136 1756 sic
2182 1692 2568 1757 modereris!

578 1795 612 1828 “
658 1791 770 1857 Ad
811 1792 1076 1858 veniam
1120 1812 1387 1879 pronus,
1431 1792 1551 1857 ubi
1595 1792 1794 1880 culpa
1838 1796 2030 1882 rogat
2074 1793 2373 1872 venialis,

576 1899 612 1928 “
658 1893 783 1959 Est
826 1894 933 1959 vir
976 1893 1251 1980 quisque
1297 1892 1532 1974 bonus,
1578 1893 1947 1980 praesertim
1988 1894 2431 1981 pontificalis3

575 2000 611 2030 “
655 1996 785 2061 Ast.
828 2017 977 2062 acer
1021 1997 1094 2061 in
1138 1995 1356 2082 poenis
1400 2000 1470 2061 eb
1513 1994 1682 2076 felle,
1730 2001 2046 2082 saturque
2089 1996 2325 2084 rigore,

579 2103 617 2133 “
663 2098 788 2163 Esb
834 2098 1048 2164 malus
1091 2098 1164 2162 in
1206 2096 1411 2162 frenis
1453 2097 1627 2175 vicii,
1670 2117 1794 2162 nec
1837 2096 2080 2185 dignus
2123 2098 2384 2165 honore.

577 2205 615 2235 “
664 2197 859 2280 Quod
903 2198 1098 2266 docui
1141 2198 1332 2277 disce,
1380 2219 1500 2264 nec
1544 2198 1793 2264 discere
1828 2198 1972 2285 jam
2018 2199 2264 2286 pudeat
2308 2206 2422 2282 te3

578 2306 615 2335 “
662 2301 786 2367 Esb
829 2301 1048 2367 oleum
1090 2301 1250 2366 vino
1292 2300 1767 2389 languentibus
1810 2301 2033 2389 aptius
2077 2299 2107 2338 ²
2122 2323 2332 2390 aspro,

576 2408 614 2437 “
660 2402 996 2490 Virgaque
1041 2401 1360 2469 vulnifico
1404 2402 1551 2489 plus
1595 2403 1807 2489 culpis
1849 2409 2044 2490 grata
2085 2404 2385 2492 flagell03

577 2509 614 2539 “
661 2504 950 2591 Corrigib
994 2503 1274 2571 offensas
1317 2504 1480 2571 data
1523 2525 1826 2592 saepeque
1871 2506 2094 2593 gratia
2135 2507 2362 2594 gratis,

579 2612 618 2643 “
665 2606 882 2689 Quam
924 2606 1088 2672 facit
1131 2628 1217 2672 ex
1264 2611 1447 2673 torta
1488 2606 1685 2694 rigor,
1729 2612 1851 2672 aut
1893 2607 2143 2694 pietate
2187 2613 2454 2675 remota.

577 2717 611 2744 “
656 2707 733 2775 Si
775 2708 904 2774 tibi
947 2709 1312 2796 propitium
1357 2709 1524 2775 velis
1567 2729 1707 2775 esse
1754 2708 1971 2774 Deum
2016 2709 2306 2796 pietatis,

580 2816 615 2845 “
661 2811 952 2899 Expedita
996 2818 1078 2878 ut·
1119 2811 1375 2878 victum
1418 2811 1805 2899 plerumque
1849 2810 2020 2877 feras
2062 2811 2395 2879 rudissatis.

577 2918 613 2947 “
659 2913 951 2980 Mundus
995 2935 1144 2980 cum
1188 2912 1409 3001 plures
1452 2914 1673 3002 gignit
1716 2935 1918 3001 quam
1962 2912 2244 2980 flumina
2288 2914 2494 3002 pisces

577 3021 616 3051 “
662 3015 974 3082 Indoctos
1014 3015 1331 3096 homines,
1376 3014 1598 3081 forsan
1640 3036 1827 3081 meus
1872 3020 1974 3080 est
2019 3014 2209 3080 Prior
2251 3037 2439 3096 nnuc,

578 3122 616 3151 “
661 3117 840 3182 Hinc
883 3114 910 3156 ³
926 3116 1270 3183 infrunitis
1313 3117 1477 3182 alias
1520 3115 1845 3205 ignoscito
1889 3116 2101 3197 factis,

577 3225 617 3255 “
660 3219 730 3284 N
731 3241 805 3286 ec
846 3240 1103 3306 semper
1144 3218 1385 3285 subitis
1428 3240 1509 3284 ea
1552 3219 1791 3306 puniat
1835 3217 2004 3284 ultio
2047 3218 2323 3306 scriptis,

577 3327 615 3357 “
658 3321 930 3387 Parcere
973 3343 1131 3387 nam
1175 3320 1408 3387 stratis
1451 3320 1602 3386 vulfi
1644 3318 1887 3386 nobilis
1930 3320 2031 3386 ira
2071 3320 2322 3402 leonis3

575 3429 611 3458 “
657 3424 757 3490 Tu
803 3445 1031 3510 parcas
1075 3428 1144 3489 et
1186 3423 1299 3503 eiS,
1346 3422 1463 3509 qui
1508 3422 1665 3488 feris
1709 3422 1801 3488 sis
1845 3421 2077 3487 melior
2121 3422 2299 3508 ipsis.

574 3531 613 3561 “
660 3523 856 3605 Quod
901 3525 956 3590 si
1002 3525 1317 3591 doctrinis
1360 3524 1780 3610 adquiescere
1824 3524 2149 3610 spreveris
2192 3524 2357 3605 iscis,

579 3632 618 3663 “
662 3628 848 3693 Tunc
891 3627 1128 3693 similis
1170 3626 1373 3693 venia
1417 3647 1618 3712 quam
1664 3630 1742 3691 tau
1784 3625 1976 3691 flenti
2020 3626 2334 3706 tribuisti,

575 3734 616 3765 “
659 3727 767 3795 Sit
810 3729 959 3809 tibi,
1004 3751 1140 3795 non
1183 3729 1333 3810 alia,
1380 3728 1539 3815 quia
1582 3749 1714 3793 non
1758 3728 1956 3794 aliter
1997 3728 2320 3796 meruisti.

575 3836 612 3866 “
658 3829 892 3896 Gratia
933 3829 1223 3918 propitio
1266 3830 1356 3895 sit
1398 3829 1543 3894 laus
1587 3851 1664 3895 ac
1705 3828 1918 3917 gloria
1963 3829 2249 3911 Christo,

575 3937 613 3969 ‘⁴
657 3930 938 3998 Vincere
982 3933 1065 3997 de
1107 3936 1301 3998 tanto
1345 3930 1462 4019 qui
1505 3930 1662 3998 fecit
1704 3953 1827 3997 nos
1867 3932 2184 4001 inimicO.’'

574 4053 881 4121 Secunda
899 4076 1180 4143 persona
1201 4060 1346 4122 erat.
1364 4055 1695 4122 Dominus
1717 4054 2114 4142 Radulphus
2132 4053 2583 4139 Crownwelle,
2612 4061 2698 4114 Sir
2718 4063 2884 4130 Rtlph

481 4157 951 4225 Thesaurarius
1008 4158 1211 4246 regni,
1258 4158 1375 4245 qui
1434 4157 1565 4223 viis
1626 4161 1695 4223 et,
1753 4156 2009 4222 viribus
2067 4156 2310 4243 quibus
2369 4158 2585 4224 valuit
2611 4128 2797 4248 εζῇζῃ

479 4260 823 4347 pugnabat
893 4281 1014 4347 pro
1088 4264 1278 4347 partae
1338 4259 1665 4347 Episcopi,
1726 4263 2164 4346 potenterque
2223 4259 2584 4347 plurimum
2612 4260 2820 4326 (crom-

481 4382 744 4427 causam
787 4362 996 4448 ipsius
1055 4360 1394 4427 defendit:
1444 4366 1514 4427 eb
1572 4365 1919 4448 propterea
1969 4361 2173 4427 etiam
2231 4361 2307 4426 in
2365 4362 2583 4450 ipsum
2608 4329 2900 4460 ἶξέξζαὲξ,

481 4462 744 4549 scripsit
786 4463 1016 4530 Abbas
1055 4464 1337 4551 paucula
1378 4463 1751 4544 invectiva,
1781 4484 1900 4550 per
1941 4463 2118 4530 hunc
2159 4464 2537 4532 modum—
2609 4476 2643 4512 ὃ
2662 4468 2876 4581 mutar

2608 4540 2772 4672 sm

547 4712 565 4744 ¹
595 4710 760 4764 rm
780 4712 833 4765 in
854 4712 969 4766 us.
1650 4713 1672 4746 ³·
1694 4713 1782 4769 sie
1802 4713 1859 4766 in
1881 4713 1994 4768 us
2610 4659 2819 4729 ΜΨ

544 4789 569 4824 ²
587 4790 696 4843 For
713 4808 907 4859 aspero.
