3467 5717
774 832 903 893 128
1445 843 1761 895 ANNALEs
1806 841 2231 894 MONAs‘rnnn

433 1034 742 1086 A.D.142³.
772 1029 1048 1096 devotas
1090 1033 1367 1117 agerent
1428 1029 1705 1118 vigilias,
1764 1052 1841 1096 ac
1887 1030 2242 1118 diligenter
2299 1033 2614 1097 vacarent
2672 1028 2882 1096 officio

433 1113 515 1164 He
538 1113 703 1164 writes

434 1179 542 1229 also
564 1197 595 1230 a

433 1247 605 1296 Letter
626 1246 683 1296 of

431 1313 749 1363 exhortation
779 1343 816 1373 ,ς

433 1387 486 1429 to
502 1379 583 1429 his
597 1379 746 1430 flock.

775 1132 1361 1219 deprecationis-—

866 1242 901 1270 “
932 1233 1018 1300 In
1048 1234 1312 1302 Christo
1358 1233 2239 1321 electissimi.—Priusquam
2272 1234 2599 1302 Calvarici
2632 1234 2880 1301 montis

857 1337 1170 1403 verticem
1218 1337 1545 1402 Dominus
1590 1359 1709 1424 pro
1757 1337 1974 1403 salute
2018 1336 2231 1424 plebis
2276 1338 2761 1417 conscenderat,
2809 1341 2880 1401 et

772 1446 806 1473 “
853 1442 1150 1525 portaret
1192 1460 1465 1517 crucem,
1511 1439 1646 1504 suis
1691 1443 1772 1504 ut
1819 1442 2085 1503 orarent
2133 1438 2482 1505 mandavit
2526 1437 2879 1525 discipulis,

767 1547 806 1577 “
851 1563 936 1606 ne
980 1541 1089 1606 vel
1133 1542 1273 1629 ipse
1315 1540 1539 1606 labore
1585 1538 1604 1576 ¹
1627 1539 2025 1621 lassesceret,
2071 1539 2183 1605 vel
2232 1540 2358 1627 ipsi
2403 1539 2777 1606 inciderent
2805 1539 2879 1603 in

771 1650 808 1679 “
852 1640 879 1681 ²
899 1645 1355 1710 tentationem.
1457 1643 1627 1709 Cum
1696 1642 1930 1729 igitur,
2003 1641 2397 1720 electissimi,
2454 1641 2598 1728 jam
2673 1643 2879 1707 instet

771 1751 806 1781 “
850 1746 1011 1811 hora
1070 1768 1203 1832 qua
1253 1767 1374 1812 nos
1422 1745 1495 1810 in
1553 1745 1850 1830 aliquali,
1900 1744 2204 1830 quamvis
2258 1743 2436 1825 exili,
2483 1744 2881 1809 imitationis

770 1856 804 1883 “
848 1870 1101 1934 genere,
1163 1848 1441 1935 Alpium
1490 1846 1650 1933 juga
1716 1846 2131 1912 conscensuri
2191 1868 2438 1927 sumus,
2483 1867 2603 1932 pro
2664 1847 2879 1911 salute

770 1955 808 1985 “
855 1948 1269 2035 tuitionequc
1321 1948 1535 2013 nostri
1578 1947 1813 2035 gregis,
1860 1952 2062 2035 prout
2105 1968 2460 2034 speramus,
2505 1948 2626 2013 has
2670 1949 2878 2027 vobis,

771 2057 803 2086 “
849 2073 997 2116 cum
1044 2050 1352 2131 Domino,
1399 2050 1904 2115 transcribimus
1948 2047 1976 2085 ⁸
1995 2049 2504 2131 exhortatorias,
2554 2056 2880 2136 quatenus

766 2159 802 2187 “
849 2176 968 2240 pro
1030 2152 1223 2219 nobis
1282 2153 1554 2218 devotas
1613 2152 1831 2239 agatis
1892 2152 2266 2218 orationum
2328 2153 2614 2239 vigilias,
2674 2175 2775 2234 ne,
2822 2152 2879 2217 si

767 2262 802 2290 “
847 2278 970 2321 nos
1021 2256 1092 2321 in
1145 2255 1259 2320 via
1303 2254 1743 2333 defecerimus,
1806 2260 2036 2342 pereat
2096 2255 2316 2322 omnis
2360 2256 2572 2321 nostri
2633 2255 2879 2320 laboris

765 2364 800 2394 “
846 2357 1114 2435 fructus,
1179 2362 1247 2422 et
1313 2379 1432 2422 vos
1499 2357 1573 2421 in
1640 2357 1950 2443 graviora
2015 2356 2235 2422 forsan
2280 2379 2479 2444 quam
2531 2357 2878 2444 concipitis

768 2470 804 2499 “
851 2461 1218 2527 incideritis
1262 2483 1502 2548 genera
1547 2460 1958 2527 tentationis.
2052 2461 2366 2527 Percusso
2426 2460 2671 2548 quippe
2728 2483 2877 2547 pas-

767 2573 801 2599 “
846 2569 1005 2642 tore,
1068 2564 1278 2629 deviae
1339 2564 1813 2650 disperguntur
1864 2584 2041 2640 oves,
2111 2584 2414 2650 saepeque
2479 2584 2565 2627 ex
2613 2563 2879 2649 jactura

773 2675 808 2701 “
854 2666 1129 2731 alterius
1155 2664 1566 2731 “communis
1610 2687 1808 2730 causa
1852 2665 2094 2752 agitur,
2126 2665 2545 2751 succeditque
2578 2665 2877 2751 utrisque

771 2776 809 2805 “
852 2790 1029 2834 noxa
1071 2767 1311 2854 gravis.
1402 2767 1530 2832 Pro
1574 2772 2007 2853 utrorumque
2052 2767 2262 2856 igitur
2305 2768 2645 2833 commodo
2690 2789 2878 2857 roga-

770 2880 804 2907 “
852 2893 998 2936 mus
1064 2891 1184 2935 vos
1251 2890 1495 2947 omneS,
1541 2891 1694 2934 cum
1760 2867 2098 2957 Apostolo,
2146 2892 2223 2935 ac
2291 2871 2700 2937 obsecramus
2761 2892 2880 2958 per

769 2980 807 3009 “
855 2973 1123 3038 Ihesum
1171 2971 1529 3050 Christum,
1577 2993 1823 3059 perque
1884 2972 2229 3038 caritatem
2279 2972 2507 3039 Sancti
2566 2972 2875 3060 Spiritus,

768 3083 808 3111 “
852 3082 1178 3162 quatenus
1235 3097 1357 3140 nos
1409 3074 1648 3140 vestris
1698 3075 1954 3162 juvetis
2015 3075 2444 3155 orationibus,
2490 3076 2874 3163 faciatisque

768 3185 807 3215 “
855 3180 1074 3244 Deum
1126 3177 1288 3244 adeo
1332 3177 1525 3243 nobis
1568 3177 1952 3264 propitium,
1999 3182 2077 3243 ut
2121 3184 2273 3265 post
2317 3200 2649 3265 egressum
2693 3201 2877 3265 aspe-

765 3290 802 3319 “
843 3303 992 3347 rum
1054 3301 1466 3368 progressum
1529 3281 1946 3368 experiamur
2005 3301 2407 3368 prosperum,
2467 3302 2587 3347 nec
2644 3286 2877 3367 optata

766 3389 805 3419 “
849 3384 1042 3450 nobis
1087 3383 1353 3450 deficiat
1395 3382 1630 3448 salutis
1673 3383 1897 3471 gratia
1947 3381 2018 3446 in
2067 3387 2358 3469 tempore
2407 3383 2871 3470 remigationis.

769 3491 806 3520 “
852 3485 1079 3550 Talem
1123 3485 1355 3571 utique
1397 3484 1473 3548 in
1517 3485 1761 3550 vestris
1813 3483 2115 3571 precibus
2172 3484 2492 3550 habemus
2550 3485 2875 3564 fiduciam,

767 3594 804 3623 “
848 3594 928 3653 ut
973 3587 1028 3652 si
1083 3608 1203 3674 pro
1248 3585 1716 3652 fortificatione
1763 3586 1989 3673 exigui
2035 3587 2340 3673 corporis,
2386 3587 2874 3654 animationeve

763 3697 797 3724 “
843 3688 1116 3775 spiritus
1160 3688 1618 3776 pusillanimis,
1666 3689 1996 3754 instantes
2040 3687 2383 3755 Altissimo
2435 3711 2656 3777 preces
2713 3691 2872 3755 effu-

766 3797 802 3825 “
847 3789 1093 3867 (ieritis,
1140 3789 1416 3877 augebit
1459 3790 1789 3856 Dominus
1850 3789 2040 3855 nobis
2084 3791 2278 3871 vires,
2323 3791 2685 3877 pedemque
2729 3813 2875 3877 per-

766 3900 800 3926 “
847 3892 1023 3959 ficiet
1082 3891 1494 3979 languidum,
1555 3914 1631 3957 ac
1682 3893 1867 3957 viam
1927 3892 2277 3980 praestabit
2335 3915 2709 3981 prosperam
2753 3915 2874 3981 pro

766 4001 803 4032 “
849 3995 1032 4061 omni
1060 4000 1352 4083 tempore
1393 3995 1963 4083 peregrinationis.
2057 3994 2389 4083 Rogamus
2433 3996 2645 4083 igitur
2683 3997 2878 4062 affec-

768 4103 807 4134 “
848 4098 1239 4177 tuosissime,
1286 4103 1356 4164 et
1398 4120 1484 4164 ex
1513 4098 1892 4179 visceribus,
1922 4102 2005 4164 ut
2034 4097 2247 4163 Deum
2285 4119 2405 4185 pro
2435 4098 2566 4163 hiis
2604 4099 2872 4166 itinera—

767 4209 801 4237 “
846 4201 1052 4267 tionis
1080 4200 1485 4266 successibus
1527 4200 1787 4268 assidue
1817 4200 2106 4268 exoretis
2134 4225 2152 4284 ;
2198 4200 2273 4266 in
2301 4200 2568 4268 Christo
2596 4201 2874 4268 valituri

768 4309 802 4338 “
847 4302 1142 4382 feliciter,
1187 4307 1270 4368 ut
1315 4301 1671 4390 optamus.'’

838 4678 849 4709 ¹
873 4674 1139 4727 lacesceret
1158 4674 1213 4725 in
1235 4675 1349 4727 MS.
1812 4674 1829 4808 Ι
1933 4673 1955 4708 ³
1977 4675 2308 4726 exortatorias
2329 4675 2382 4725 in
2403 4676 2517 4728 MS.

834 4755 857 4789 2
881 4752 1124 4805 Matthew
1146 4753 1288 4805 xxvi.
1312 4759 1394 4804 41.
1930 4754 1952 4786 ⁴
1975 4755 2190 4806 comunis
2210 4754 2263 4805 in
2285 4754 2398 4807 MS.
