3467 5717
1371 846 1617 895 sANcr1
1663 847 1933 896 ALBAm.
2561 836 2684 897 221

676 1033 714 1062 “
760 1028 1118 1095 Ecclesiam
1164 1028 1367 1095 variis
1411 1031 1482 1096 in
1528 1031 1818 1098 vesturis
1863 1052 1990 1118 que
2032 1030 2334 1097 fenestris

614 1156 620 1163 ·
674 1137 711 1165 ‘⁴
758 1130 989 1211 Ornat,
1036 1137 1107 1198 et
1151 1132 1361 1218 illaesa
1379 1213 1384 1219 ,
1405 1155 1526 1198 sua.
1571 1138 1796 1200 servat
1839 1133 2102 1220 singula
2135 1134 2310 1219 jura.

669 3691 683 3721 ¹
709 3690 774 3740 In
808 3691 1019 3742 allusion
1041 3697 1095 3742 to
1114 3690 1307 3759 ἄνδρα
1329 3707 1419 3742 xx.
1445 3696 1527 3743 28.
1697 3692 1851 3758 bebly
1872 3698 1927 3743 to
1949 3689 2194 3742 Matonem
2219 3705 2310 3742 xx.
2336 3696 2383 3741 2.

666 3767 691 3801 ²
710 3771 882 3819 ηκῖιῖω
914 3770 967 3821 in
999 3769 1145 3831 Πᾶς
1180 3770 1234 3821 in
1257 3771 1470 3822 allusion
1491 3785 1606 3836 pro-

673 1241 708 1268 “
753 1233 836 1297 In
882 1254 1111 1299 mensa
1155 1235 1367 1299 socius
1410 1233 1560 1316 fuit,
1607 1235 1681 1300 in
1727 1234 2012 1302 claustro
2056 1235 2470 1322 paedagogus,

678 1340 716 1369 “
765 1333 981 1421 Inque
1025 1335 1223 1402 choro
1270 1337 1549 1402 devotus
1593 1336 1811 1418 homo,
1860 1337 2164 1403 devotior
2207 1337 2428 1415 immo,

677 1437 717 1470 “
763 1436 1046 1517 Quando
1094 1437 1236 1503 Deo
1282 1437 1612 1503 celebrata
1655 1460 1806 1505 caro
1850 1442 2213 1503 veneratur
2255 1437 2342 1503 ab
2387 1439 2548 1524 ipsc.

680 1542 716 1573 ‘⁸
762 1538 893 1604 Hic
936 1539 1077 1604 zelo
1125 1536 1468 1618 ¹Phinee8‚
1515 1545 1825 1627 castoque
1867 1540 2118 1626 pudore
2152 1539 2201 1604 J
2202 1539 2512 1619 ohannes,

767 1646 804 1674 “
850 1640 1249 1707 Munditiam
1287 1640 1509 1722 coluit,
1557 1640 1665 1705 vir
1701 1640 1853 1728 pius
1895 1641 2037 1727 ipse
2081 1640 2227 1708 fuit.

682 1744 717 1772 “
766 1739 952 1805 Mitis
999 1746 1078 1806 ut
1120 1740 1422 1807 Andreas
1465 1741 1629 1807 tulit
1675 1743 1826 1821 iras,
1870 1747 1949 1807 ut
1993 1741 2041 1808 J
2044 1741 2316 1808 eremias

764 1848 800 1876 “
844 1840 1277 1929 Trangressus
1322 1843 1561 1931 patriae
1607 1844 1892 1931 planxit,
1939 1849 2009 1909 et
2055 1842 2382 1908 Ecclesiae.

678 1947 715 1977 “
760 1942 1087 2030 Pluraque
1131 1944 1257 2010 sub
1300 1945 1617 2011 brevibus
1660 1952 1742 2012 ut
1788 1946 2170 2011 summatim
2214 1944 2588 2021 referamne,

679 2051 712 2079 “
760 2044 1063 2111 Possidet
1104 2045 1216 2112 hic
1258 2068 1437 2112 unus
1481 2046 1796 2134 quicquid
1841 2046 2217 2135 possederat
2262 2044 2477 2111 omnis

678 2151 714 2179 “
760 2146 1011 2211 Turma
1053 2147 1515 2214 modernorum
1564 2147 2111 2214 defunctorumve
2157 2147 2479 2213 Priorum.

683 2252 723 2281 “
769 2245 975 2312 Unde
1018 2248 1155 2313 suis
1199 2249 1454 2315 meritis
1499 2250 1694 2315 modo
1741 2249 2003 2315 Sanctis
2047 2249 2474 2328 consociatus,

681 2352 719 2382 “
764 2347 1104 2414 Succurrit
1148 2350 1422 2430 miseris,
1471 2349 1662 2416 Prior
1704 2357 1808 2417 est
1853 2352 1997 2416 sine
2041 2351 2175 2416 fine
2219 2350 2470 2416 beatus.

682 2456 718 2484 “
763 2449 1026 2515 Tertius
1071 2450 1212 2517 haec
1255 2451 1535 2539 scripsit,
1583 2474 1663 2518 ea
1707 2457 1979 2540 propter
2021 2475 2158 2519 non
2204 2475 2324 2518 sua
2369 2450 2586 2531 dixit-‚3

682 2557 717 2585 ‘⁶
765 2550 948 2617 Huic
997 2557 1241 2635 tamen,
1287 2559 1357 2620 et
1416 2553 1707 2641 reliquis,
1768 2555 1926 2633 haec,
1983 2554 2204 2633 lector,
2268 2553 2536 2640 quando
2597 2572 2697 2617 re-

770 2658 806 2687 “
850 2652 1089 2734 volvis,

688 2761 722 2789 “
767 2754 963 2821 Hanc
1025 2762 1174 2843 post
1240 2757 1384 2823 fata
1449 2779 1707 2845 precem
1775 2756 1992 2845 rogito
2060 2755 2361 2822 diffunde
2414 2777 2694 2842 sequen·

774 2863 812 2892 “
855 2863 992 2923 tem
1019 2883 1126 2940 3—-

685 2963 719 2993 “
768 2963 784 2992 ‘
817 2958 952 3040 Qui
1027 2961 1211 3026 Deus
1278 2982 1347 3026 es
1418 2979 1733 3041 summuS,
1799 2960 1915 3047 qui
1977 2960 2218 3041 trinus,
2281 2958 2397 3024 sed
2471 2967 2701 3026 tamen

777 3066 815 3095 “
863 3066 879 3095 ‘
911 3083 1108 3141 unus,

686 3166 722 3196 ‘⁸
767 3169 785 3197 ‘
813 3162 947 3229 Des
990 3163 1206 3231 tribus
1249 3162 1380 3228 hiis
1426 3184 1684 3242 munus,
1730 3183 1865 3250 quo
1911 3161 2107 3229 detur
2149 3183 2420 3227 munere
2465 3158 2492 3197 ⁹
2510 3181 2701 3226 num-

775 3269 813 3299 6‘
861 3270 1056 3331 ‘mus

686 3369 724 3400 “
771 3370 789 3401 ‘
821 3366 979 3432 Rite
1023 3365 1375 3448 laboranti,
1421 3366 1539 3454 qui
1585 3387 1731 3432 sero
1777 3365 2062 3431 solvitur
2104 3363 2288 3431 omni

713 3471 730 3503 ‘
775 3473 793 3502 ‘
824 3466 1163 3556 Praecepto
1207 3467 1501 3552 Domini,
1547 3467 1653 3534 cui
1698 3471 1964 3533 constat
1999 3465 2206 3536 ‚vinea
2250 3464 2432 3530 coeli?
2459 3463 2492 3490 ”
