3467 5717
760 843 890 906 180
1425 854 1745 906 muns
1788 852 2212 904 Monasrnnn

428 1043 567 1096 A.D.
594 1047 782 1094 14²3st
786 1039 1249 1128 ‘Campaniae,
1311 1060 1390 1104 ac
1464 1037 1786 1106 Tusciae¹
1806 1038 2300 1119 coruscationes,
2384 1036 2678 1118 tandem,
2737 1054 2872 1100 non

768 1150 804 1179 “
849 1149 1074 1210 tamen
1120 1144 1370 1229 absque
1415 1141 1655 1207 sudore
1685 1140 1989 1228 corporis,
2019 1140 2543 1228 fatigationeque
2586 1139 2874 1225 spiritua,

767 1252 803 1281 “
850 1241 1205 1310 Romam2
1226 1243 1402 1326 veni,
1455 1242 1704 1329 Papam
1749 1242 1912 1324 vidi,
1971 1243 2106 1309 vici
2164 1246 2465 1321 mortem,
2513 1243 2584 1306 et
2626 1240 2876 1306 recessi.

767 1353 805 1382 “
853 1347 1142 1414 Rediens
1199 1347 1434 1433 utique
1496 1345 1705 1413 Senas
1750 1346 1932 1434 petii,
1986 1345 2125 1426 ubi,
2170 1366 2323 1411 cum
2383 1338 2533 1409 aliis
2582 1343 2875 1430 praelatis

767 1454 805 1485 “
849 1449 1186 1537 paulisper
1230 1453 1605 1536 expectans,
1653 1448 2005 1535 expectavi
2056 1446 2423 1513 Dominum
2471 1444 2875 1523 Pontificem,

766 1556 802 1586 “
848 1552 962 1617 sed
1020 1573 1157 1617 non
1199 1550 1493 1618 intendit
1551 1548 1733 1617 mihi.
1854 1549 2136 1637 Propter
2177 1570 2446 1636 guerras
2507 1547 2751 1635 quippe
2801 1547 2873 1610 in

762 1657 800 1688 “
845 1653 1166 1740 partibus,
1196 1658 1338 1719 tam
1384 1652 1566 1717 viam
1611 1656 1984 1739 suspectam
2030 1650 2283 1717 habens
2326 1671 2525 1737 quam
2569 1648 2872 1736 patriam,

763 1760 802 1790 ‘⁶
847 1755 935 1821 ad
977 1753 1005 1793 ⁸
1021 1755 1363 1841 Synodum
1412 1754 1609 1820 timet
1659 1753 2053 1821 descendere
2081 1778 2099 1836 ;
2144 1753 2477 1840 timeoque
2522 1772 2646 1839 ego
2697 1749 2874 1837 quod

766 1863 803 1893 “
848 1856 1137 1922 inaniter
1176 1878 1529 1944 regnorum
1580 1857 1885 1923 nationes
1931 1857 2076 1944 ejus
2117 1856 2363 1923 ibidem
2406 1854 2877 1942 praestolantur

765 1962 803 1992 “
848 1957 1231 2038 adventum,
1291 1951 1698 2043 frustraque,
1762 1959 1939 2045 quod
2003 1958 2029 1995 ⁴
2047 1957 2560 2045 lacrymabiliter
2641 1953 2874 2033 refer0,

753 2044 804 2094 '“
849 2074 972 2145 per
1032 2064 1227 2125 tanta
1285 2058 1762 2126 laboraverunt
1839 2067 2167 2127 terrarum
2231 2060 2448 2147 spatia
2519 2079 2636 2146 pro
2709 2058 2872 2143 ipsa,

768 2166 806 2196 “
850 2180 1051 2246 quam
1094 2182 1511 2247 nequaquam
1584 2162 2124 2249 impetraverant,
2200 2162 2509 2229 Ecclesiae
2565 2159 2875 2226 reforma-

770 2269 807 2298 “
852 2264 1049 2329 tione.
1111 2263 1338 2329 Instar
1366 2265 1614 2330 etenim
1643 2264 1779 2330 viri
1806 2265 1997 2354 pigri,
2028 2287 2286 2352 semper
2315 2264 2505 2330 venit
2533 2284 2661 2342 ore,
2706 2281 2875 2326 nun-

768 2369 804 2399 “
849 2387 1058 2451 quam·
1095 2369 1323 2431 tamen
1365 2370 1537 2446 actu,
1570 2370 1641 2432 et
1684 2388 1831 2432 cum
1876 2373 2153 2433 vocatur
2211 2365 2299 2432 ab
2350 2365 2873 2454 expectantibus,

769 2472 807 2501 “
853 2466 964 2534 vel
1007 2467 1208 2533 estin
1239 2488 1550 2555 responso
1592 2469 1880 2535 tarditas
1925 2469 2031 2536 vel
2075 2468 2341 2535 fallacia
2367 2467 2874 2556 amphibologiae

766 2573 806 2604 “
849 2568 923 2633 in
953 2569 1494 2654 promissionibus
1536 2570 1689 2636 suis.
1782 2570 1869 2636 Id
1927 2577 2175 2654 tamen,
2218 2577 2300 2637 ut
2342 2571 2603 2649 dicitur,
2633 2570 2875 2635 Roma·

766 2678 802 2705 “
844 2691 1082 2735 norum
1126 2670 1468 2738 instantiis
1511 2673 1774 2759 cogitur
1816 2694 2029 2761 agere,
2072 2674 2192 2762 qui
2235 2672 2598 2740 formidant
2639 2672 2874 2737 urbem

766 2780 800 2807 “
847 2794 890 2836 a
920 2772 1099 2859 Rege
1142 2771 1169 2811 ⁶
1186 2772 1631 2859 Neapolitano
1673 2776 1925 2840 vastari
1955 2777 2235 2863 penitus,
2263 2775 2323 2841 si
2366 2775 2675 2842 recedens
2702 2792 2876 2840 rece—

766 2882 802 2909 “
846 2872 1033 2940 deret
1075 2875 1162 2940 ad
1206 2873 1589 2955 Concilium,
1637 2881 1708 2943 et
1775 2899 1896 2943 sua
1949 2900 2223 2944 vacuam
2267 2876 2669 2963 relinqueret
2710 2876 2874 2942 civi-

765 2980 807 3012 “
848 2980 1060 3042 tatem
1104 2977 1472 3064 praesentia,
1518 2983 1590 3044 et
1633 2978 2081 3066 stipendiariis
2123 2979 2273 3045 suis.
2360 2978 2599 3065 Igitur,
2627 2984 2873 3065 pastor,

765 3082 803 3113 “
848 3078 991 3165 ejus
1055 3079 1476 3146 aemulatione
1543 3081 1659 3166 qui
1718 3080 1878 3147 fidei
1920 3080 2182 3148 invidet
2239 3080 2657 3162 successibus,
2703 3080 2872 3147 flus-

764 3183 804 3215 “
847 3183 1102 3246 tratum
1157 3181 1344 3247 doleo
1408 3182 1618 3248 totius
1688 3182 1970 3250 Concilii
2034 3184 2399 3272 negotium,
2461 3183 2872 3270 laceramque

766 3286 802 3317 “
845 3282 1064 3348 adhuc
1106 3304 1449 3351 remanere
1496 3283 1869 3367 Ecclesiam,
1914 3286 2162 3373 absque
2212 3286 2507 3353 remedio
2564 3286 2873 3353 reforma·

764 3392 802 3419 “
845 3384 1064 3452 tionis,
1155 3385 1334 3451 Nam
1387 3386 1469 3453 de
1499 3388 1814 3474 praesenti
1853 3388 2093 3474 plures,
2140 3389 2224 3455 de
2263 3411 2387 3455 sua
2413 3390 2871 3476 expectatione

764 3492 802 3522 “
845 3485 1287 3573 indignantes,
1315 3489 1558 3555 reversi
1591 3495 1753 3556 sunt
1779 3491 1865 3556 ad
1895 3495 2138 3578 partes,
2169 3492 2489 3578 paucique
2524 3491 2667 3578 jam
2711 3496 2873 3558 sunt

764 3596 798 3623 “
841 3587 914 3652 in
945 3586 972 3626 ⁶
992 3588 1298 3687 SynodO,
1326 3591 1441 3678 qui
1473 3592 1581 3658 vel
1609 3592 1821 3658 fixum
1848 3595 2262 3682 propositum
2307 3592 2600 3661 habeant
2642 3594 2724 3660 de
2768 3614 2871 3660 re-

762 3696 797 3724 “
841 3688 1166 3755 vertendo
1227 3692 1314 3757 ad
1372 3694 1652 3781 propria,
1712 3694 1824 3761 vel
1867 3712 2004 3761 una
2047 3717 2305 3762 mecum
2354 3696 2873 3783 lacrymalibiter

761 3790 1215 3877 “poeniteant
1243 3793 1421 3879 quod
1449 3800 1593 3862 tam
1637 3798 2051 3886 negligenter
2094 3804 2240 3866 tota
2267 3799 2374 3864 sui
2400 3798 2646 3866 laboris
2676 3818 2873 3886 opera

763 3891 1161 4011 “perditur,
1220 3899 1291 3960 et
1341 3895 1652 3985 impensa.
1746 3899 1988 3981 Quare,
2033 3905 2277 3988 pastor,
2318 3901 2477 3987 quia
2517 3906 2659 3967 tam
2702 3902 2873 3967 infe-

758 3984 1076 4061 “licem
1055 4019 1130 4061 ιιι
1173 3995 1199 4039 ⁷
1220 4000 1554 4065 communi
1582 4002 1850 4089 negotio
1890 4000 2372 4090 contemplatus
2417 4023 2564 4068 sum
2594 4004 2869 4085 exitum,

760 4098 1246 4186 “propositum
1292 4100 1507 4168 habeo
1550 4124 1700 4171 cum
1753 4103 2009 4171 caeteris
2053 4104 2428 4171 revertendi
2472 4105 2561 4171 ad
2604 4111 2872 4192 partes3

829 4391 844 4425 ¹
866 4395 1252 4447 corruscationes
1273 4395 1330 4447 in
1350 4396 1467 4450 MS.
1930 4401 1953 4435 ⁴
1974 4401 2345 4454 lacrimabiliter
2364 4401 2421 4453 in
2442 4402 2556 4455 MS.

827 4470 850 4505 ²
868 4473 934 4524 In
968 4472 1188 4526 allusion
1225 4482 1279 4527 to
1317 4476 1405 4528 the
1440 4477 1682 4543 despatch
1718 4479 1778 4530 of
1925 4481 1948 4514 ⁸
1971 4481 2306 4548 Neapolitano
2325 4480 2379 4533 in
2399 4482 2513 4535 MS.

757 4549 930 4602 Julius
969 4550 1159 4617 Caesar,
1191 4557 1513 4625 announcing
1546 4557 1626 4609 his
1660 4559 1768 4610 vle-
1924 4561 1946 4595 ⁶
1970 4562 2155 4613 sinodo
2174 4563 2231 4614 in
2252 4562 2370 4615 MS.

757 4636 876 4695 tory
898 4645 1020 4681 over
1038 4630 1343 4688 Pharnaces.
1927 4638 1951 4678 7
1967 4643 2161 4693 comuni
2180 4642 2238 4693 in
2259 4642 2373 4695 MS.

823 4705 846 4738 ⁸
872 4707 1105 4760 Sinodum
1127 4711 1184 4762 in
1204 4712 1317 4766 MS.
