3467 5717
1393 828 1641 881 saxon
1683 830 1958 882 Ansam.
2602 822 2730 886 263

1326 1121 1506 1187 Acta
1550 1121 1762 1189 Anni
1805 1120 2013 1190 Noni.

611 1321 967 1388 Processus
995 1323 1359 1410 cujusdam
1405 1324 1797 1406 conomdiae,
1829 1325 2042 1412 factes
2084 1325 2268 1393 inter
2297 1324 2620 1393 Abbatem
2664 1333 3057 1396 et2.1>.1428,9.

657 1424 965 1492 manerii
1009 1426 1088 1492 cle
1135 1427 1208 1493 la
1250 1427 1441 1494 More
1486 1426 1571 1494 i‘n
1615 1426 2189 1513 Rykmersworthe
2225 1450 2676 1515 possessorem.

705 1584 728 1624 ¹
749 1586 1071 1675 Pergente
1131 1611 1406 1676 vespera
1481 1587 1643 1654 anni
1718 1588 1958 1669 octavi,
2023 1586 2407 1678 orienteque
2480 1613 2719 1658 aurora
2743 1610 2855 1666 The
2883 1613 3059 1668 Abbot

613 1689 770 1754 anni
832 1690 1090 1772 noveni,
1139 1690 1474 1759 oriebatur
1518 1691 1717 1756 simul
1762 1713 1912 1757 cum
1958 1714 2038 1759 ea
2081 1692 2201 1758 lux
2244 1692 2717 1760 recordationis
2740 1680 2786 1731 ³⁸
2808 1684 3040 1762 “⁰¹¹¹”9‘1

612 1796 683 1856 et
711 1791 1230 1873 reminiscentiae,
1263 1816 1397 1880 qua
1440 1793 1669 1860 Abbas
1715 1816 1910 1861 sensu
1955 1794 2317 1861 irradiatus
2354 1795 2716 1884 cogebatur
2740 1747 2872 1865 3311
2864 1751 3054 1866 :engada

607 1898 902 1959 recenter
929 1895 1303 1983 recolligere
1332 1896 1660 1984 quomodo
1688 1897 1763 1962 in
1807 1894 1834 1934 ²
1858 1898 2190 1964 Ramatha
2228 1898 2311 1964 de
2340 1897 2715 1965 Rikemers-
2740 1881 3024 2001 ‘¹05th

607 1996 860 2063 worthe
906 2004 1050 2064 erat
1080 1997 1187 2064 vir
1232 2000 1522 2087 quidam,
1552 1999 1659 2065 cui
1706 1999 1834 2066 etsi
1867 1999 2168 2067 Helcana
2208 2022 2449 2067 nomen
2479 2001 2712 2083 fuerat,
2740 1962 2906 2091 333¹ss
2925 2027 2980 2066 at
3024 1985 3040 2010 ⁹

608 2121 757 2167 cum
819 2098 965 2187 ipso
1031 2106 1258 2167 tamen
1324 2102 1626 2170 Helcana
1693 2102 1860 2168 duas
1921 2124 2160 2170 uxores
2203 2103 2275 2169 in
2320 2103 2515 2169 domo
2578 2126 2715 2182 sua,
2739 2081 3024 2200 ffffim

608 2202 1006 2290 superbiam,
1037 2203 1305 2284 scilicet,
1336 2210 1408 2271 et
1437 2203 1901 2287 subtilitatem,
1926 2205 2324 2293 possidebat.
2418 2206 2714 2287 Quarum
2740 2184 2967 2265 Winian’n

607 2305 839 2386 altera,
868 2305 1196 2388 videlicet,
1228 2305 1585 2386 subtilitas,
1616 2308 1776 2394 quia
1805 2308 2030 2375 stabat
2058 2330 2413 2396 parumper
2448 2308 2712 2392 sterilis,
2736 2280 2976 2399 fflfy

607 2430 726 2475 nec
755 2409 1047 2495 aliquam
1081 2414 1539 2495 procreaverat
1569 2409 1876 2490 sobolem,
1909 2411 1982 2476 in
2011 2412 2553 2499 complacentiam
2581 2411 2714 2478 viri

607 2511 763 2597 ejus,
810 2509 1150 2598 affligebat
1194 2533 1339 2578 eam
1384 2533 1504 2579 sua
1533 2513 1792 2596 aemula,
1823 2513 2240 2602 augebatque
2270 2514 2711 2599 vehementer,

605 2635 682 2680 ac
740 2614 1199 2701 exprobrabat,
1245 2614 1436 2701 quasi
1480 2637 1523 2680 a
1567 2619 1892 2703 conceptu
1954 2617 2164 2682 totius
2222 2616 2466 2684 sobolis
2510 2614 2537 2656 ⁸
2559 2639 2711 2684 con-

606 2716 903 2783 clusisset
942 2716 1085 2804 jam
1116 2716 1444 2784 Dominus
1472 2717 1749 2784 vulvam
1795 2717 1949 2804 ejus.
2042 2717 2263 2806 Ipsius
2306 2718 2517 2807 igitur
2559 2720 2704 2787 irri-

604 2926 983 3014 impendere
1010 2952 1030 3010 ;
1099 2928 1495 3016 cognitaque
1560 2951 1678 3017 per
1719 2950 1914 2995 suum
1962 2928 2203 3006 virum,
2246 2929 2452 2995 talem
2495 2928 2711 2996 fertur

605 3029 891 3100 sobolem
921 3031 1303 3118 concepisse,
1335 3052 1485 3119 quae
1514 3052 1951 3118 nequaquam,
1972 3037 2053 3098 ut
2074 3030 2245 3097 alter
2264 3031 2548 3114 Samuel,
2573 3054 2711 3098 om-

605 3132 804 3200 nibus
848 3123 1080 3200 diebus
1132 3133 1296 3201 vites
1341 3156 1480 3202 suae
1522 3133 1597 3199 in
1640 3134 1910 3222 templo,
1942 3132 2233 3200 Domino
2273 3133 2710 3218 deservierat3

604 3233 633 3273 ⁴
653 3235 855 3303 immo
896 3237 1137 3319 verius,
1183 3241 1263 3303 ut
1306 3258 1523 3303 novus
1566 3232 1595 3271 ⁶
1619 3234 2040 3319 Heliodorus,
2071 3258 2191 3323 pro
2221 3234 2529 3303 omnibus
2573 3237 2711 3304 suis

604 3338 874 3422 viribus,
940 3340 1267 3429 templum
1333 3338 1608 3406 Domini
1675 3338 1855 3405 infra
1928 3337 2406 3404 Monasterium
2481 3338 2713 3407 Sancti

606 3441 856 3508 Albani
889 3442 1155 3529 juribus
1198 3441 1337 3509 suis
1381 3447 1452 3508 et
1496 3441 1872 3509 redditibus
1915 3440 2196 3530 spoliare
2241 3439 2605 3509 laborabat.

697 3544 895 3626 Quod
969 3545 1197 3612 Abbas
1254 3544 1628 3625 advertens,
1687 3545 2224 3633 perpendensque
2288 3543 2435 3631 jam
2497 3549 2711 3612 trans-
2735 3563 2819 3616 He
2840 3564 2928 3616 ad-

604 3647 732 3714 isse
775 3670 984 3716 annos
1028 3654 1098 3715 et
1141 3670 1352 3716 annos
1402 3654 1758 3737 postquam
1811 3648 1988 3714 filius
2031 3646 2303 3714 adultus
2348 3648 2709 3737 conspiras-
2732 3626 3029 3761 mm

605 3755 709 3817 set
751 3773 890 3817 una
937 3773 1085 3818 cum
1133 3755 1321 3840 patre
1350 3752 1424 3817 in
1453 3748 2050 3818 exhaeredationem
2079 3751 2185 3818 sui
2220 3749 2414 3838 juris,
2444 3751 2708 3819 differre
2733 3766 2837 3844 unq
2857 3766 2979 3817 aska

603 3852 883 3920 ulterius
941 3875 1156 3922 moras
1217 3855 1499 3922 credidit
1553 3876 1697 3922 esse
1768 3854 2151 3942 periculum,
2212 3875 2708 3942 convocansque
2733 3832 3045 3954 ffiw‘

601 3956 688 4022 ad
738 3979 810 4023 se
860 3978 1013 4024 suos
1067 3957 1494 4040 conciliarios,
1537 3979 1649 4025 eos
1695 3952 2160 4044 alloquebatur
2187 3979 2305 4045 per
2348 3957 2525 4024 hunc
2567 3979 2708 4024 mo-

602 4059 762 4126 dum
783 4068 932 4125 x-—“
948 4059 1088 4126 Viri
1140 4062 1459 4149 pollentes
1506 4060 1815 4149 ingeniis,
1846 4060 1921 4125 in
1969 4059 2256 4148 politicis
2307 4059 2544 4126 melius
2594 4080 2708 4127 ex-

603 4164 640 4195 “
685 4162 876 4250 perti,
938 4167 1011 4230 et
1070 4162 1335 4230 ratione
1384 4164 1750 4253 plurimum
1801 4159 1829 4202 ⁰
1849 4162 2288 4230 abundantes.
2314 4200 2398 4212 -
2422 4162 2546 4229 Est
2603 4160 2711 4229 vir

669 4430 685 4465 ¹
708 4431 976 4485 Buces-ms
1019 4430 1287 4485 concor-dict
1305 4432 1471 4499 [πίω
1506 4448 1614 4484 cum
1767 4431 1788 4464 ⁴
1809 4424 1976 4483 These
2012 4431 2177 4482 words
2220 4445 2305 4482 are
2340 4431 2587 4499 probably
2622 4432 2709 4486 the

600 4511 789 4564 donnino
808 4514 1014 4564 manerii
1035 4511 1095 4564 de
1115 4511 1169 4563 la
1190 4506 1613 4579 Hora-*Super-
1698 4510 1938 4577 meaning
1958 4506 2275 4576 ofymfflu
2295 4510 2349 4561 in
2371 4508 2486 4563 ΠΒ.

600 4591 842 4658 seription
864 4600 920 4644 to
943 4592 1093 4645 folio·
1116 4598 1300 4645 BO-82.
1766 4591 1788 4621 ⁸
1807 4591 1873 4643 In
1910 4590 2128 4642 allusion
2166 4596 2220 4643 to
2264 4594 2287 4641 1
2316 4586 2617 4644 Mantuam
2637 4590 2709 4645 ilic

666 4671 1578 4737 21n2unsiontoismi.1‚2.
1702 4676 1784 4723 23.

666 4751 689 4786 ⁸
716 4757 738 4803 l
769 4751 971 4803 Samuel
997 4753 1035 4805 i.
1062 4757 1112 4804 5.
1332 4776 1353 4797 x
1768 4750 1791 4785 ⁰
1811 4748 2153 4804 habundantes
2173 4749 2226 4803 in
2246 4750 2362 4806 us·
