3467 5717
735 808 864 876 134
1390 816 1708 868 ANNALES
1754 813 2180 866 Monas‘rnnn

398 1011 537 1066 AD·
565 1016 709 1065 1423.
737 1017 771 1051 “
818 1016 837 1050 ‘
864 1013 1070 1090 entes,
1097 1007 1499 1076 redimentes
1542 1009 1826 1093 tempus,
1855 1001 2168 1090 quoniam
2209 998 2350 1066 dies
2395 996 2555 1064 mali
2601 1000 2761 1063 sunt
2774 997 2841 1078 ,’;

734 1123 770 1153 “
813 1135 948 1180 non
992 1112 1179 1200 quasi
1221 1109 1571 1176 reddentes
1630 1107 1882 1172 malum
1939 1125 2060 1193 pro
2118 1103 2309 1179 malo,
2355 1102 2471 1168 sed
2515 1100 2845 1188 quomodo

737 1222 773 1254 “
811 1217 1046 1281 dantes
1113 1213 1331 1279 locum
1375 1211 1509 1292 irae,
1555 1208 1872 1296 quoniam
1938 1205 2226 1272 mundus
2291 1204 2549 1292 positus
2606 1208 2710 1269 est
2768 1203 2843 1268 in

737 1324 773 1355 “
817 1317 1149 1405 malign03
1186 1336 1321 1380 non
1351 1313 1540 1401 quasi
1569 1312 2017 1390 offensionem,
2050 1307 2552 1383 occasionemve,
2586 1306 2838 1385 dantes,

739 1428 775 1455 “
820 1419 936 1486 sed
979 1417 1306 1505 quomodo
1335 1416 1478 1482 sine
1510 1413 1844 1502 vituperio
1888 1411 2359 1491 ministrantes,
2390 1414 2461 1476 et
2495 1409 2844 1475 offerentes

739 1531 773 1559 ‘⁶
819 1527 959 1587 tam
1005 1521 1148 1586 Deo
1193 1541 1394 1607 quam
1439 1517 1685 1607 populo
1746 1514 2138 1583 sacrificium
2198 1513 2417 1580 laudis
2459 1512 2534 1577 in
2579 1512 2844 1578 odorem

741 1631 779 1661 “
825 1623 1196 1690 suavitatis.
1289 1622 1437 1703 Quo
1481 1621 1678 1687 modo
1722 1620 1782 1685 si
1825 1617 2345 1697 ambulaveritis,
2391 1618 2463 1681 et
2505 1635 2845 1681 conversa-

739 1735 776 1764 “
820 1727 1072 1792 tionem
1133 1726 1317 1791 inter
1379 1728 1611 1812 gentes
1654 1721 2027 1788 habueritis
2068 1720 2335 1800 boum,
2378 1718 2477 1783 ita
2536 1715 2716 1803 quod
2770 1716 2846 1781 in

739 1835 779 1866 ‘⁸
823 1829 1017 1895 vobis
1078 1849 1216 1893 non
1280 1826 1575 1893 habeant
1642 1825 1823 1891 unde
1888 1824 2257 1890 detractare
2300 1821 2569 1909 possint,
2617 1821 2850 1886 obmu-

743 1938 780 1967 “
825 1936 1071 1997 tescere
1116 1929 1375 1995 facietis
1417 1927 1948 2016 imprudentium
1992 1925 2339 1991 hominum
2367 1922 2848 2012 ignorantiam3

739 2043 774 2071 “
820 2032 1188 2117 caeterique,
1235 2030 1609 2119 prudentes,
1659 2051 1747 2094 ex
1800 2028 1992 2095 bonis
2047 2027 2355 2115 operibus
2397 2025 2635 2092 vestris
2692 2045 2850 2090 con-

742 2143 777 2172 “
821 2135 1205 2215 siderantes,
1267 2132 1735 2220 glorificabunt
1802 2133 1877 2197 in
1942 2131 2133 2197 vobis
2195 2130 2415 2196 Deum
2474 2129 2550 2194 in
2609 2133 2848 2194 vestrae

742 2248 778 2276 “
825 2237 1232 2326 temporibus
1277 2235 1803 2302 ministrationis.
1897 2234 2096 2316 Quod
2141 2233 2266 2299 Ille
2309 2232 2566 2298 felicius
2619 2231 2848 2320 digne-

742 2348 780 2379 “
826 2346 943 2408 tur
1009 2361 1323 2419 annuere,
1371 2339 1489 2426 qui
1556 2359 1784 2405 servos
1849 2337 2224 2424 prudentes,
2273 2334 2604 2422 similique
2655 2332 2850 2400 modo

743 2451 783 2483 “
830 2448 1309 2523 conversantes,
1354 2463 1554 2528 super
1598 2463 1789 2508 suam
1835 2439 2153 2506 constitui
2197 2438 2492 2505 decrevit
2533 2437 2849 2504 familiam

745 2556 779 2585 “
823 2548 897 2612 in
942 2544 1573 2612 administratione.'’

409 2670 464 2722 A
486 2670 611 2723 safe-
834 2649 1015 2715 Dum
1060 2653 1288 2734 pastor
1331 2647 1550 2735 pecori
1594 2646 1762 2712 talia
1806 2645 2054 2732 pabula
2111 2642 2567 2724 mandaverat,
2613 2642 2852 2708 missus

408 2740 627 2789 conduct
647 2737 691 2789 ³⁸
744 2751 1026 2817 nuncius
1070 2750 1157 2814 ad
1221 2749 1475 2815 Ducem
1522 2747 2087 2813 Mediolanensem
2131 2745 2322 2829 hunc,
2371 2746 2488 2833 qui
2534 2745 2851 2832 sequitur,

408 2811 597 2921 Ϊῖἱοιῗ
607 2805 704 2936 {lym
746 2854 1007 2921 salvum
1052 2851 1184 2918 sibi
1228 2852 1629 2918 conductum
1673 2849 2169 2938 reportabat.—

409 2937 674 3056 gsseffiff
836 2954 1249 3042 “Philippus
1312 2952 1524 3018 Mario
1585 2951 1612 2991 1
1628 2952 1943 3038 Angelus,
1989 2953 2151 3016 Dux
2197 2950 2574 3029 Mediolani,
2627 2950 2854 3039 Papiae

746 3065 784 3093 “
826 3057 1296 3144 Anglariaeque
1340 3054 1592 3135 Comes,
1640 3059 1711 3122 et
1755 3054 1803 3121 J
1804 3076 2000 3121 anuae
2046 3053 2391 3133 Dominus,
2422 3053 2756 3120 universis
2784 3060 2854 3120 et

749 3164 786 3196 “
830 3159 1110 3247 singulis
1185 3159 1306 3224 has
1378 3158 1642 3226 litteras
1728 3161 1991 3224 nostras
2065 3156 2479 3243 inspecturis,
2552 3157 2852 3225 salutem.

750 3267 787 3297 ‘⁴
831 3260 1097 3326 Amicos
1142 3263 1214 3326 et
1255 3259 1610 3327 benevolos
1652 3263 1917 3325 nostros
1960 3259 2314 3328 affectuose
2356 3280 2679 3346 rogamus,
2712 3258 2853 3325 ofli-

750 3369 787 3398 “
830 3363 1105 3429 cialibus
1134 3382 1293 3429 vero
1322 3363 1649 3450 gentibus,
1680 3362 2040 3450 armigeris,
2072 3362 2497 3448 equestribus.
2532 3365 2603 3428 et
2631 3362 2855 3449 pedes·-

749 3473 787 3501 “
832 3466 1066 3543 tribue,
1140 3485 1219 3530 ac
1292 3464 1580 3532 subditis
1644 3466 1893 3531 nostris
1959 3465 2478 3552 quibuscunque,
2555 3464 2853 3531 districte

752 3575 788 3603 “
835 3566 1278 3655 praecipiendo
1322 3567 1737 3649 mandamus,
1782 3573 2112 3655 quatenus
2154 3567 2589 3633 reverendum
2631 3567 2854 3632 virum

751 3674 790 3705 “
836 3673 908 3735 et
951 3668 1239 3734 amicum
1265 3674 1571 3736 nostrum
1601 3671 2029 3750 carissimum,
2062 3669 2427 3735 Dominum
2458 3668 2506 3735 J
2509 3669 2855 3749 ohannem,

753 3776 791 3806 “
837 3769 1071 3837 divina
1099 3771 1542 3857 permissione,
1561 3772 1895 3838 Abbatem
1928 3773 2161 3839 Sancti
2185 3772 2451 3854 Albani,
2483 3772 2565 3838 de
2587 3772 2855 3860 Anglia‚

756 3880 793 3908 “
837 3873 1264 3960 praesentium
1328 3878 1747 3957 ostensorem,
1794 3875 2012 3942 eundo
2075 3896 2193 3963 per
2254 3880 2478 3962 partes
2537 3875 2619 3941 de
2678 3875 2857 3942 ultra

753 3981 791 4013 ‘⁶
837 3974 1172 4042 'Pissinum
1209 3980 1286 4044 et
1329 3976 1588 4044 Padum
1635 3978 1723 4043 ad
1790 3977 2081 4045 Senense
2133 3976 2522 4059 Concilium,
2570 3978 2856 4064 indeque

755 4082 790 4114 “
836 4100 906 4144 se
966 4078 1422 4147 transferendo
1487 4098 1717 4147 versus
1784 4102 1974 4148 suam
2040 4086 2306 4159 terram,
2351 4101 2502 4145 cum
2546 4080 2859 4148 comitiva

753 4186 789 4216 “
832 4202 969 4263 sua,
1036 4202 1244 4267 usque
1318 4183 1405 4248 ad
1479 4205 1828 4250 numerum
1894 4182 2142 4271 viginti
2204 4203 2647 4270 personarum,
2718 4186 2856 4248 tam

759 4288 793 4316 “
838 4282 1242 4368 equestrium
1287 4305 1486 4369 quam
1534 4285 1964 4372 pedestrium,
2010 4284 2282 4372 suisque
2325 4285 2645 4371 cariagiis,
2675 4286 2858 4351 vale-

755 4392 790 4419 “
835 4383 968 4463 siis,
997 4382 1206 4461 bonis,
1229 4385 1441 4463 rebus„
1470 4391 1542 4452 et
1571 4386 1910 4466 harnesiis,
1933 4388 2450 4475 quibuscunque,
2480 4409 2599 4474 per
2627 4409 2854 4453 omnes

1697 4578 1949 4585 fflu--ffl

1569 4702 1582 4735 ¹
1604 4702 1829 4769 Anqnlm
1850 4703 1902 4754 in
1926 4703 2038 4756 MS.
2166 4668 2173 4675 ο
