<?xml version="1.0" encoding="UTF-8"?>
<!DOCTYPE html PUBLIC "-//W3C//DTD XHTML 1.0 Transitional//EN"
    "http://www.w3.org/TR/xhtml1/DTD/xhtml1-transitional.dtd">
<html xmlns="http://www.w3.org/1999/xhtml" xml:lang="en" lang="en">
 <head>
  <title>
</title>
<meta http-equiv="Content-Type" content="text/html;charset=utf-8" />
  <meta name='ocr-system' content='tesseract 3.04.00' />
  <meta name='ocr-capabilities' content='ocr_page ocr_carea ocr_par ocr_line ocrx_word'/>
</head>
<body>
  <div class='ocr_page' id='page_1' title='image "./annalesmonaster00unkngoog_0511.png"; bbox 0 0 3467 5717; ppageno 0'>
   <div class='ocr_carea' id='block_1_1' title="bbox 1322 807 2640 891">
    <p class='ocr_par' dir='ltr' id='par_1_1' title="bbox 1322 807 2640 891">
     <span class='ocr_line' id='line_1_1' title="bbox 1322 807 2640 891; baseline 0.002 -21"><span class='ocrx_word' id='word_1_1' title='bbox 1322 821 1681 872; x_wconf 75' lang='lat' dir='ltr'>APPENDIX</span> <span class='ocrx_word' id='word_1_2' title='bbox 1725 807 1852 891; x_wconf 86' lang='lat' dir='ltr'><strong>(D).</strong></span> <span class='ocrx_word' id='word_1_3' title='bbox 2511 810 2640 873; x_wconf 77' lang='lat'>445</span> 
     </span>
    </p>
   </div>
   <div class='ocr_carea' id='block_1_2' title="bbox 531 1010 2644 2415">
    <p class='ocr_par' dir='ltr' id='par_1_2' title="bbox 533 1010 2644 1913">
     <span class='ocr_line' id='line_1_2' title="bbox 535 1010 2638 1099; baseline 0.001 -25"><span class='ocrx_word' id='word_1_4' title='bbox 535 1031 680 1074; x_wconf 89' lang='lat' dir='ltr'>cum</span> <span class='ocrx_word' id='word_1_5' title='bbox 729 1010 931 1077; x_wconf 87' lang='lat' dir='ltr'>altari</span> <span class='ocrx_word' id='word_1_6' title='bbox 974 1011 1317 1099; x_wconf 86' lang='lat' dir='ltr'>praecipuo,</span> <span class='ocrx_word' id='word_1_7' title='bbox 1344 1033 1464 1099; x_wconf 88' lang='lat' dir='ltr'>per</span> <span class='ocrx_word' id='word_1_8' title='bbox 1493 1011 1940 1099; x_wconf 85' lang='lat' dir='ltr'>Reginaldum</span> <span class='ocrx_word' id='word_1_9' title='bbox 1970 1012 2053 1077; x_wconf 88' lang='lat' dir='ltr'>de</span> <span class='ocrx_word' id='word_1_10' title='bbox 2081 1010 2327 1077; x_wconf 84' lang='lat' dir='ltr'>Sancto</span> <span class='ocrx_word' id='word_1_11' title='bbox 2356 1011 2638 1093; x_wconf 82' lang='lat' dir='ltr'>AlbanO,</span> 
     </span>
     <span class='ocr_line' id='line_1_3' title="bbox 533 1112 2642 1201; baseline 0.001 -26"><span class='ocrx_word' id='word_1_12' title='bbox 533 1112 605 1175; x_wconf 92' lang='lat' dir='ltr'>in</span> <span class='ocrx_word' id='word_1_13' title='bbox 683 1113 985 1179; x_wconf 88' lang='lat' dir='ltr'>Romana</span> <span class='ocrx_word' id='word_1_14' title='bbox 1062 1113 1265 1180; x_wconf 82' lang='lat' dir='ltr'>Curia</span> <span class='ocrx_word' id='word_1_15' title='bbox 1338 1113 1757 1193; x_wconf 84' lang='lat' dir='ltr'>advocatum,</span> <span class='ocrx_word' id='word_1_16' title='bbox 1827 1113 2237 1201; x_wconf 71' lang='lat' dir='ltr'><strong>temporibus</strong></span> <span class='ocrx_word' id='word_1_17' title='bbox 2314 1113 2642 1200; x_wconf 74' lang='lat' dir='ltr'>HugoniS,</span> 
     </span>
     <span class='ocr_line' id='line_1_4' title="bbox 533 1213 2643 1300; baseline 0.001 -23"><span class='ocrx_word' id='word_1_18' title='bbox 533 1213 734 1300; x_wconf 87' lang='lat' dir='ltr'>hujus</span> <span class='ocrx_word' id='word_1_19' title='bbox 796 1216 1180 1282; x_wconf 90' lang='lat' dir='ltr'>monasterii</span> <span class='ocrx_word' id='word_1_20' title='bbox 1243 1215 1549 1295; x_wconf 87' lang='lat' dir='ltr'>Abbatis,</span> <span class='ocrx_word' id='word_1_21' title='bbox 1615 1217 2015 1282; x_wconf 86' lang='lat' dir='ltr'>constructa.</span> <span class='ocrx_word' id='word_1_22' title='bbox 2104 1215 2299 1295; x_wconf 88' lang='lat' dir='ltr'>Item,</span> <span class='ocrx_word' id='word_1_23' title='bbox 2370 1216 2439 1279; x_wconf 90' lang='lat' dir='ltr'>in</span> <span class='ocrx_word' id='word_1_24' title='bbox 2500 1215 2643 1300; x_wconf 86' lang='lat' dir='ltr'>ejus</span> 
     </span>
     <span class='ocr_line' id='line_1_5' title="bbox 533 1316 2644 1398; baseline 0 -18"><span class='ocrx_word' id='word_1_25' title='bbox 533 1317 864 1397; x_wconf 83' lang='lat' dir='ltr'>vestiario,</span> <span class='ocrx_word' id='word_1_26' title='bbox 910 1316 1626 1383; x_wconf 74' lang='lat' dir='ltr'>infra1coemeterium</span> <span class='ocrx_word' id='word_1_27' title='bbox 1678 1317 2082 1398; x_wconf 83' lang='lat' dir='ltr'>Monasterii,</span> <span class='ocrx_word' id='word_1_28' title='bbox 2131 1317 2463 1383; x_wconf 85' lang='lat' dir='ltr'>industria</span> <span class='ocrx_word' id='word_1_29' title='bbox 2506 1317 2644 1382; x_wconf 93' lang='lat' dir='ltr'>Do-</span> 
     </span>
     <span class='ocr_line' id='line_1_6' title="bbox 534 1417 2644 1500; baseline 0.001 -18"><span class='ocrx_word' id='word_1_30' title='bbox 534 1417 700 1483; x_wconf 89' lang='lat' dir='ltr'>mini</span> <span class='ocrx_word' id='word_1_31' title='bbox 724 1419 994 1485; x_wconf 85' lang='lat' dir='ltr'>Thomae</span> <span class='ocrx_word' id='word_1_32' title='bbox 1016 1417 1414 1500; x_wconf 87' lang='lat' dir='ltr'>Westwode,</span> <span class='ocrx_word' id='word_1_33' title='bbox 1439 1417 1752 1485; x_wconf 83' lang='lat' dir='ltr'>Cantoris</span> <span class='ocrx_word' id='word_1_34' title='bbox 1784 1419 2196 1498; x_wconf 84' lang='lat' dir='ltr'>Monasterii,</span> <span class='ocrx_word' id='word_1_35' title='bbox 2230 1423 2299 1486; x_wconf 93' lang='lat' dir='ltr'>et</span> <span class='ocrx_word' id='word_1_36' title='bbox 2329 1418 2644 1486; x_wconf 74' lang='lat' dir='ltr'>Custodia</span> 
     </span>
     <span class='ocr_line' id='line_1_7' title="bbox 536 1519 2644 1607; baseline 0 -21"><span class='ocrx_word' id='word_1_37' title='bbox 536 1519 821 1607; x_wconf 73' lang='lat' dir='ltr'>Capellae</span> <span class='ocrx_word' id='word_1_38' title='bbox 886 1520 1151 1588; x_wconf 71' lang='lat' dir='ltr'>Sanctae</span> <span class='ocrx_word' id='word_1_39' title='bbox 1218 1521 1466 1602; x_wconf 73' lang='lat' dir='ltr'>Mariae,</span> <span class='ocrx_word' id='word_1_40' title='bbox 1514 1543 1785 1587; x_wconf 88' lang='lat' dir='ltr'>suorum</span> <span class='ocrx_word' id='word_1_41' title='bbox 1854 1521 2107 1586; x_wconf 79' lang='lat' dir='ltr'>auxilio</span> <span class='ocrx_word' id='word_1_42' title='bbox 2152 1522 2526 1602; x_wconf 86' lang='lat' dir='ltr'>amicorum,</span> <span class='ocrx_word' id='word_1_43' title='bbox 2573 1526 2644 1588; x_wconf 87' lang='lat' dir='ltr'>et</span> 
     </span>
     <span class='ocr_line' id='line_1_8' title="bbox 535 1621 2642 1715; baseline -0 -26"><span class='ocrx_word' id='word_1_44' title='bbox 535 1622 786 1689; x_wconf 81' lang='lat' dir='ltr'>Christi</span> <span class='ocrx_word' id='word_1_45' title='bbox 851 1622 1167 1704; x_wconf 89' lang='lat' dir='ltr'>fidelium,</span> <span class='ocrx_word' id='word_1_46' title='bbox 1236 1627 1615 1715; x_wconf 84' lang='lat' dir='ltr'>constructa-</span> <span class='ocrx_word' id='word_1_47' title='bbox 1677 1628 1780 1688; x_wconf 90' lang='lat' dir='ltr'>est</span> <span class='ocrx_word' id='word_1_48' title='bbox 1845 1621 2119 1710; x_wconf 84' lang='lat' dir='ltr'>Capella</span> <span class='ocrx_word' id='word_1_49' title='bbox 2186 1645 2309 1711; x_wconf 91' lang='lat' dir='ltr'>ope</span> <span class='ocrx_word' id='word_1_50' title='bbox 2373 1623 2642 1689; x_wconf 88' lang='lat' dir='ltr'>Domini</span> 
     </span>
     <span class='ocr_line' id='line_1_9' title="bbox 533 1723 2641 1811; baseline 0 -22"><span class='ocrx_word' id='word_1_51' title='bbox 533 1723 849 1790; x_wconf 88' lang='lat' dir='ltr'>Willelmi</span> <span class='ocrx_word' id='word_1_52' title='bbox 897 1724 1228 1811; x_wconf 86' lang='lat' dir='ltr'>Boydone,</span> <span class='ocrx_word' id='word_1_53' title='bbox 1274 1724 1508 1791; x_wconf 87' lang='lat' dir='ltr'>latomi</span> <span class='ocrx_word' id='word_1_54' title='bbox 1552 1724 1887 1811; x_wconf 81' lang='lat' dir='ltr'>praecipui,</span> <span class='ocrx_word' id='word_1_55' title='bbox 1957 1725 2032 1789; x_wconf 86' lang='lat' dir='ltr'>in</span> <span class='ocrx_word' id='word_1_56' title='bbox 2097 1724 2347 1792; x_wconf 83' lang='lat' dir='ltr'>honore</span> <span class='ocrx_word' id='word_1_57' title='bbox 2408 1725 2641 1791; x_wconf 85' lang='lat' dir='ltr'>Sancti</span> 
     </span>
     <span class='ocr_line' id='line_1_10' title="bbox 533 1824 1702 1913; baseline 0.001 -21"><span class='ocrx_word' id='word_1_58' title='bbox 533 1824 898 1892; x_wconf 84' lang='lat' dir='ltr'>Salvatoris</span> <span class='ocrx_word' id='word_1_59' title='bbox 944 1831 1014 1892; x_wconf 92' lang='lat' dir='ltr'>et</span> <span class='ocrx_word' id='word_1_60' title='bbox 1056 1826 1702 1913; x_wconf 80' lang='lat' dir='ltr'>Transfigurationis.</span> 
     </span>
    </p>

    <p class='ocr_par' dir='ltr' id='par_1_3' title="bbox 531 1939 2643 2415">
     <span class='ocr_line' id='line_1_11' title="bbox 623 1939 2643 2028; baseline 0 -22"><span class='ocrx_word' id='word_1_61' title='bbox 623 1939 746 2006; x_wconf 71' lang='lat' dir='ltr'>Fst</span> <span class='ocrx_word' id='word_1_62' title='bbox 789 1947 1110 2028; x_wconf 74' lang='lat' dir='ltr'>praeterea</span> <span class='ocrx_word' id='word_1_63' title='bbox 1152 1941 1419 2021; x_wconf 87' lang='lat' dir='ltr'><strong>ibidem,</strong></span> <span class='ocrx_word' id='word_1_64' title='bbox 1449 1962 1644 2028; x_wconf 90' lang='lat' dir='ltr'>super</span> <span class='ocrx_word' id='word_1_65' title='bbox 1671 1940 2119 2027; x_wconf 87' lang='lat' dir='ltr'>poliandrium</span> <span class='ocrx_word' id='word_1_66' title='bbox 2153 1942 2416 2019; x_wconf 89' lang='lat' dir='ltr'>ossium,</span> <span class='ocrx_word' id='word_1_67' title='bbox 2441 1940 2643 2026; x_wconf 85' lang='lat' dir='ltr'>juxta</span> 
     </span>
     <span class='ocr_line' id='line_1_12' title="bbox 531 2041 2639 2130; baseline 0 -23"><span class='ocrx_word' id='word_1_68' title='bbox 531 2041 557 2080; x_wconf 83' lang='lat'>¹</span> <span class='ocrx_word' id='word_1_69' title='bbox 579 2042 1052 2121; x_wconf 88' lang='lat' dir='ltr'>coemeterium,</span> <span class='ocrx_word' id='word_1_70' title='bbox 1087 2042 1357 2129; x_wconf 82' lang='lat' dir='ltr'>Capella</span> <span class='ocrx_word' id='word_1_71' title='bbox 1400 2042 1638 2130; x_wconf 87' lang='lat' dir='ltr'>lignea,</span> <span class='ocrx_word' id='word_1_72' title='bbox 1671 2043 1745 2107; x_wconf 91' lang='lat' dir='ltr'>in</span> <span class='ocrx_word' id='word_1_73' title='bbox 1777 2065 1911 2129; x_wconf 89' lang='lat' dir='ltr'>qua</span> <span class='ocrx_word' id='word_1_74' title='bbox 1941 2042 2101 2109; x_wconf 91' lang='lat' dir='ltr'>olim</span> <span class='ocrx_word' id='word_1_75' title='bbox 2144 2043 2366 2109; x_wconf 89' lang='lat' dir='ltr'>fuerat</span> <span class='ocrx_word' id='word_1_76' title='bbox 2409 2042 2639 2123; x_wconf 87' lang='lat' dir='ltr'>altare,</span> 
     </span>
     <span class='ocr_line' id='line_1_13' title="bbox 531 2144 2643 2231; baseline 0 -21"><span class='ocrx_word' id='word_1_77' title='bbox 531 2149 603 2210; x_wconf 92' lang='lat' dir='ltr'>et</span> <span class='ocrx_word' id='word_1_78' title='bbox 646 2145 896 2211; x_wconf 81' lang='lat' dir='ltr'>ibidem</span> <span class='ocrx_word' id='word_1_79' title='bbox 940 2144 1339 2231; x_wconf 77' lang='lat' dir='ltr'>aliquotiens</span> <span class='ocrx_word' id='word_1_80' title='bbox 1384 2167 1580 2231; x_wconf 89' lang='lat' dir='ltr'>super</span> <span class='ocrx_word' id='word_1_81' title='bbox 1622 2144 1813 2227; x_wconf 88' lang='lat' dir='ltr'>illud,</span> <span class='ocrx_word' id='word_1_82' title='bbox 1839 2150 1917 2211; x_wconf 92' lang='lat' dir='ltr'>ut</span> <span class='ocrx_word' id='word_1_83' title='bbox 1962 2145 2222 2225; x_wconf 90' lang='lat' dir='ltr'>dicitur,</span> <span class='ocrx_word' id='word_1_84' title='bbox 2269 2146 2643 2212; x_wconf 89' lang='lat' dir='ltr'>celebraba-</span> 
     </span>
     <span class='ocr_line' id='line_1_14' title="bbox 531 2245 2641 2372; baseline 0 -59"><span class='ocrx_word' id='word_1_85' title='bbox 531 2251 646 2313; x_wconf 90' lang='lat' dir='ltr'>tur</span> <span class='ocrx_word' id='word_1_86' title='bbox 690 2246 846 2312; x_wconf 88' lang='lat' dir='ltr'>olim</span> <span class='ocrx_word' id='word_1_87' title='bbox 895 2247 1101 2313; x_wconf 86' lang='lat' dir='ltr'>Missa</span> <span class='ocrx_word' id='word_1_88' title='bbox 1134 2268 1254 2333; x_wconf 88' lang='lat' dir='ltr'>pro</span> <span class='ocrx_word' id='word_1_89' title='bbox 1299 2245 1685 2329; x_wconf 81' lang='lat' dir='ltr'>Defunctis3</span> <span class='ocrx_word' id='word_1_90' title='bbox 1730 2268 1911 2313; x_wconf 89' lang='lat' dir='ltr'>nunc</span> <span class='ocrx_word' id='word_1_91' title='bbox 1971 2247 2274 2314; x_wconf 89' lang='lat' dir='ltr'>totaliter</span> <span class='ocrx_word' id='word_1_92' title='bbox 2319 2247 2641 2372; x_wconf 75' lang='lat' dir='ltr'><strong>aboletur,</strong></span> 
     </span>
     <span class='ocr_line' id='line_1_15' title="bbox 534 2348 926 2415; baseline 0 -1"><span class='ocrx_word' id='word_1_93' title='bbox 534 2353 604 2414; x_wconf 94' lang='lat' dir='ltr'>et</span> <span class='ocrx_word' id='word_1_94' title='bbox 648 2348 926 2415; x_wconf 87' lang='lat' dir='ltr'>deletur.</span> 
     </span>
    </p>
   </div>
   <div class='ocr_carea' id='block_1_3' title="bbox 529 2455 2644 3470">
    <p class='ocr_par' dir='ltr' id='par_1_4' title="bbox 529 2455 2644 3470">
     <span class='ocr_line' id='line_1_16' title="bbox 624 2455 2640 2552; baseline 0.002 -24"><span class='ocrx_word' id='word_1_95' title='bbox 624 2463 750 2529; x_wconf 87' lang='lat' dir='ltr'>Est</span> <span class='ocrx_word' id='word_1_96' title='bbox 821 2464 1092 2552; x_wconf 86' lang='lat' dir='ltr'>insuper</span> <span class='ocrx_word' id='word_1_97' title='bbox 1157 2462 1406 2530; x_wconf 82' lang='lat' dir='ltr'>ibidem</span> <span class='ocrx_word' id='word_1_98' title='bbox 1474 2455 1684 2530; x_wconf 88' lang='lat' dir='ltr'>altare</span> <span class='ocrx_word' id='word_1_99' title='bbox 1753 2463 2017 2532; x_wconf 78' lang='lat' dir='ltr'>Sanctae</span> <span class='ocrx_word' id='word_1_100' title='bbox 2074 2465 2327 2545; x_wconf 88' lang='lat' dir='ltr'>Mariae,</span> <span class='ocrx_word' id='word_1_101' title='bbox 2390 2466 2640 2533; x_wconf 89' lang='lat' dir='ltr'>dictum</span> 
     </span>
     <span class='ocr_line' id='line_1_17' title="bbox 534 2564 2642 2647; baseline 0.001 -16"><span class='ocrx_word' id='word_1_102' title='bbox 534 2572 573 2601; x_wconf 86' lang='lat'><strong>“</strong></span> <span class='ocrx_word' id='word_1_103' title='bbox 593 2566 897 2647; x_wconf 81' lang='lat' dir='ltr'>Quatuor</span> <span class='ocrx_word' id='word_1_104' title='bbox 946 2564 1358 2645; x_wconf 88' lang='lat' dir='ltr'>Cereorum,”</span> <span class='ocrx_word' id='word_1_105' title='bbox 1402 2565 1520 2631; x_wconf 90' lang='lat' dir='ltr'>ubi</span> <span class='ocrx_word' id='word_1_106' title='bbox 1566 2566 1811 2632; x_wconf 90' lang='lat' dir='ltr'>cotidie</span> <span class='ocrx_word' id='word_1_107' title='bbox 1855 2568 2175 2633; x_wconf 73' lang='lat' dir='ltr'>usualiter</span> <span class='ocrx_word' id='word_1_108' title='bbox 2220 2567 2371 2635; x_wconf 85' lang='lat' dir='ltr'>duae</span> <span class='ocrx_word' id='word_1_109' title='bbox 2419 2568 2642 2634; x_wconf 86' lang='lat' dir='ltr'>Missae</span> 
     </span>
     <span class='ocr_line' id='line_1_18' title="bbox 532 2666 2641 2758; baseline 0.001 -25"><span class='ocrx_word' id='word_1_110' title='bbox 532 2666 950 2734; x_wconf 77' lang='lat' dir='ltr'>celebrantur</span> <span class='ocrx_word' id='word_1_111' title='bbox 992 2689 1112 2755; x_wconf 87' lang='lat' dir='ltr'>pro</span> <span class='ocrx_word' id='word_1_112' title='bbox 1157 2667 1452 2734; x_wconf 82' lang='lat' dir='ltr'>Ecclesia</span> <span class='ocrx_word' id='word_1_113' title='bbox 1497 2673 1565 2734; x_wconf 89' lang='lat' dir='ltr'>et</span> <span class='ocrx_word' id='word_1_114' title='bbox 1610 2691 1729 2755; x_wconf 86' lang='lat' dir='ltr'>pro</span> <span class='ocrx_word' id='word_1_115' title='bbox 1762 2668 2128 2749; x_wconf 83' lang='lat' dir='ltr'>Defunctis,</span> <span class='ocrx_word' id='word_1_116' title='bbox 2174 2676 2418 2758; x_wconf 71' lang='lat' dir='ltr'>praeter</span> <span class='ocrx_word' id='word_1_117' title='bbox 2476 2670 2641 2736; x_wconf 86' lang='lat' dir='ltr'>alias</span> 
     </span>
     <span class='ocr_line' id='line_1_19' title="bbox 533 2769 2644 2860; baseline 0.002 -25"><span class='ocrx_word' id='word_1_118' title='bbox 533 2771 771 2837; x_wconf 86' lang='lat' dir='ltr'>Missas</span> <span class='ocrx_word' id='word_1_119' title='bbox 815 2769 985 2836; x_wconf 90' lang='lat' dir='ltr'>inibi</span> <span class='ocrx_word' id='word_1_120' title='bbox 1031 2770 1406 2837; x_wconf 85' lang='lat' dir='ltr'>celebratas.</span> <span class='ocrx_word' id='word_1_121' title='bbox 1498 2770 1661 2836; x_wconf 91' lang='lat' dir='ltr'>Ideo</span> <span class='ocrx_word' id='word_1_122' title='bbox 1691 2770 1937 2837; x_wconf 88' lang='lat' dir='ltr'>dicitur</span> <span class='ocrx_word' id='word_1_123' title='bbox 1980 2794 2101 2860; x_wconf 93' lang='lat' dir='ltr'>pro</span> <span class='ocrx_word' id='word_1_124' title='bbox 2145 2773 2451 2851; x_wconf 81' lang='lat' dir='ltr'>Ecclesia,</span> <span class='ocrx_word' id='word_1_125' title='bbox 2485 2774 2644 2860; x_wconf 92' lang='lat' dir='ltr'>quia</span> 
     </span>
     <span class='ocr_line' id='line_1_20' title="bbox 534 2870 2641 2964; baseline 0.002 -27"><span class='ocrx_word' id='word_1_126' title='bbox 534 2872 737 2938; x_wconf 83' lang='lat' dir='ltr'>Missa</span> <span class='ocrx_word' id='word_1_127' title='bbox 780 2871 863 2940; x_wconf 90' lang='lat' dir='ltr'>de</span> <span class='ocrx_word' id='word_1_128' title='bbox 908 2872 1154 2939; x_wconf 86' lang='lat' dir='ltr'>Sancta</span> <span class='ocrx_word' id='word_1_129' title='bbox 1199 2872 1430 2950; x_wconf 86' lang='lat' dir='ltr'>Maria,</span> <span class='ocrx_word' id='word_1_130' title='bbox 1462 2870 1767 2938; x_wconf 84' lang='lat' dir='ltr'>Secunda</span> <span class='ocrx_word' id='word_1_131' title='bbox 1810 2895 1969 2938; x_wconf 86' lang='lat' dir='ltr'>vero</span> <span class='ocrx_word' id='word_1_132' title='bbox 2015 2874 2157 2960; x_wconf 86' lang='lat' dir='ltr'>ejus</span> <span class='ocrx_word' id='word_1_133' title='bbox 2203 2874 2495 2941; x_wconf 85' lang='lat' dir='ltr'>Collecta</span> <span class='ocrx_word' id='word_1_134' title='bbox 2522 2898 2641 2964; x_wconf 93' lang='lat' dir='ltr'>pro</span> 
     </span>
     <span class='ocr_line' id='line_1_21' title="bbox 529 2973 2639 3057; baseline 0.001 -18"><span class='ocrx_word' id='word_1_135' title='bbox 529 2974 835 3042; x_wconf 80' lang='lat' dir='ltr'>Ecclesia.</span> <span class='ocrx_word' id='word_1_136' title='bbox 932 2974 1025 3040; x_wconf 90' lang='lat' dir='ltr'>Et</span> <span class='ocrx_word' id='word_1_137' title='bbox 1070 2973 1313 3040; x_wconf 90' lang='lat' dir='ltr'>idcirco</span> <span class='ocrx_word' id='word_1_138' title='bbox 1358 2979 1394 3009; x_wconf 92' lang='lat'><strong>“</strong></span> <span class='ocrx_word' id='word_1_139' title='bbox 1419 2974 1723 3055; x_wconf 81' lang='lat' dir='ltr'>Quatuor</span> <span class='ocrx_word' id='word_1_140' title='bbox 1777 2975 2135 3042; x_wconf 87' lang='lat' dir='ltr'>Cereorum</span> <span class='ocrx_word' id='word_1_141' title='bbox 2152 2974 2192 3001; x_wconf 79' lang='lat'>&#39;⁹</span> <span class='ocrx_word' id='word_1_142' title='bbox 2238 2977 2639 3057; x_wconf 85' lang='lat' dir='ltr'>nominatur,</span> 
     </span>
     <span class='ocr_line' id='line_1_22' title="bbox 530 3076 2643 3163; baseline 0.001 -21"><span class='ocrx_word' id='word_1_143' title='bbox 530 3078 691 3163; x_wconf 86' lang='lat' dir='ltr'>quia</span> <span class='ocrx_word' id='word_1_144' title='bbox 753 3080 1038 3163; x_wconf 89' lang='lat' dir='ltr'>quatuor</span> <span class='ocrx_word' id='word_1_145' title='bbox 1101 3076 1270 3143; x_wconf 88' lang='lat' dir='ltr'>cerei</span> <span class='ocrx_word' id='word_1_146' title='bbox 1334 3098 1449 3163; x_wconf 91' lang='lat' dir='ltr'>per</span> <span class='ocrx_word' id='word_1_147' title='bbox 1515 3093 1806 3163; x_wconf 82' lang='lat' dir='ltr'>quatuor</span> <span class='ocrx_word' id='word_1_148' title='bbox 1865 3076 2213 3144; x_wconf 88' lang='lat' dir='ltr'>officiarios</span> <span class='ocrx_word' id='word_1_149' title='bbox 2260 3078 2643 3145; x_wconf 84' lang='lat' dir='ltr'>Conventus</span> 
     </span>
     <span class='ocr_line' id='line_1_23' title="bbox 529 3177 2643 3268; baseline 0 -23"><span class='ocrx_word' id='word_1_150' title='bbox 529 3177 557 3218; x_wconf 78' lang='lat'>²</span> <span class='ocrx_word' id='word_1_151' title='bbox 578 3177 865 3245; x_wconf 83' lang='lat' dir='ltr'>exhibiti</span> <span class='ocrx_word' id='word_1_152' title='bbox 908 3177 1157 3244; x_wconf 88' lang='lat' dir='ltr'>ibidem</span> <span class='ocrx_word' id='word_1_153' title='bbox 1217 3177 1460 3244; x_wconf 91' lang='lat' dir='ltr'>cotidie</span> <span class='ocrx_word' id='word_1_154' title='bbox 1522 3178 2034 3261; x_wconf 80' lang='lat' dir='ltr'>illuminantur3</span> <span class='ocrx_word' id='word_1_155' title='bbox 2103 3180 2220 3246; x_wconf 90' lang='lat' dir='ltr'>ubi</span> <span class='ocrx_word' id='word_1_156' title='bbox 2288 3181 2643 3268; x_wconf 86' lang='lat' dir='ltr'>aliquando</span> 
     </span>
     <span class='ocr_line' id='line_1_24' title="bbox 531 3280 2643 3370; baseline 0.001 -23"><span class='ocrx_word' id='word_1_157' title='bbox 531 3280 1037 3347; x_wconf 86' lang='lat' dir='ltr'>celebrabantur</span> <span class='ocrx_word' id='word_1_158' title='bbox 1099 3280 1322 3346; x_wconf 73' lang='lat' dir='ltr'>Missae</span> <span class='ocrx_word' id='word_1_159' title='bbox 1384 3280 1824 3347; x_wconf 90' lang='lat' dir='ltr'>Dominorum</span> <span class='ocrx_word' id='word_1_160' title='bbox 1868 3281 1917 3348; x_wconf 83' lang='lat' dir='ltr'>J</span> <span class='ocrx_word' id='word_1_161' title='bbox 1920 3282 2219 3365; x_wconf 83' lang='lat' dir='ltr'>ohannis,</span> <span class='ocrx_word' id='word_1_162' title='bbox 2265 3282 2525 3370; x_wconf 86' lang='lat' dir='ltr'>Rogeri,</span> <span class='ocrx_word' id='word_1_163' title='bbox 2572 3287 2643 3349; x_wconf 91' lang='lat' dir='ltr'>et</span> 
     </span>
     <span class='ocr_line' id='line_1_25' title="bbox 532 3381 1273 3470; baseline 0.003 -23"><span class='ocrx_word' id='word_1_164' title='bbox 532 3382 860 3470; x_wconf 86' lang='lat' dir='ltr'>Hugonis,</span> <span class='ocrx_word' id='word_1_165' title='bbox 906 3381 1273 3449; x_wconf 88' lang='lat' dir='ltr'>Abbatum.</span> 
     </span>
    </p>
   </div>
   <div class='ocr_carea' id='block_1_4' title="bbox 529 3495 2646 4299">
    <p class='ocr_par' dir='ltr' id='par_1_5' title="bbox 529 3495 2646 4299">
     <span class='ocr_line' id='line_1_26' title="bbox 622 3495 2641 3586; baseline 0.002 -24"><span class='ocrx_word' id='word_1_166' title='bbox 622 3495 912 3563; x_wconf 77' lang='lat' dir='ltr'>⁸Fuerat</span> <span class='ocrx_word' id='word_1_167' title='bbox 957 3497 1177 3579; x_wconf 90' lang='lat' dir='ltr'>etiam,</span> <span class='ocrx_word' id='word_1_168' title='bbox 1209 3495 1313 3563; x_wconf 88' lang='lat' dir='ltr'>uti</span> <span class='ocrx_word' id='word_1_169' title='bbox 1359 3497 1841 3585; x_wconf 84' lang='lat' dir='ltr'>comperuimus</span> <span class='ocrx_word' id='word_1_170' title='bbox 1887 3520 2006 3585; x_wconf 88' lang='lat' dir='ltr'>per</span> <span class='ocrx_word' id='word_1_171' title='bbox 2035 3499 2399 3586; x_wconf 84' lang='lat' dir='ltr'>scripturas</span> <span class='ocrx_word' id='word_1_172' title='bbox 2428 3521 2641 3566; x_wconf 81' lang='lat' dir='ltr'>sacras</span> 
     </span>
     <span class='ocr_line' id='line_1_27' title="bbox 532 3600 2644 3689; baseline 0 -22"><span class='ocrx_word' id='word_1_173' title='bbox 532 3605 604 3667; x_wconf 87' lang='lat' dir='ltr'>et</span> <span class='ocrx_word' id='word_1_174' title='bbox 645 3601 956 3687; x_wconf 82' lang='lat' dir='ltr'>picturas,</span> <span class='ocrx_word' id='word_1_175' title='bbox 1003 3600 1162 3666; x_wconf 87' lang='lat' dir='ltr'>olim</span> <span class='ocrx_word' id='word_1_176' title='bbox 1234 3604 1393 3665; x_wconf 86' lang='lat' dir='ltr'>ante</span> <span class='ocrx_word' id='word_1_177' title='bbox 1459 3602 2020 3667; x_wconf 87' lang='lat' dir='ltr'>constructionem</span> <span class='ocrx_word' id='word_1_178' title='bbox 2066 3601 2369 3689; x_wconf 82' lang='lat' dir='ltr'>praedicti</span> <span class='ocrx_word' id='word_1_179' title='bbox 2414 3602 2644 3669; x_wconf 85' lang='lat' dir='ltr'>altaris</span> 
     </span>
     <span class='ocr_line' id='line_1_28' title="bbox 532 3701 2644 3789; baseline 0.001 -21"><span class='ocrx_word' id='word_1_180' title='bbox 532 3708 603 3768; x_wconf 90' lang='lat' dir='ltr'>et</span> <span class='ocrx_word' id='word_1_181' title='bbox 649 3701 952 3789; x_wconf 84' lang='lat' dir='ltr'>Capellae,</span> <span class='ocrx_word' id='word_1_182' title='bbox 997 3702 1082 3768; x_wconf 89' lang='lat' dir='ltr'>ad</span> <span class='ocrx_word' id='word_1_183' title='bbox 1144 3702 1392 3789; x_wconf 85' lang='lat' dir='ltr'>gradus</span> <span class='ocrx_word' id='word_1_184' title='bbox 1460 3702 1729 3783; x_wconf 90' lang='lat' dir='ltr'>ibidem,</span> <span class='ocrx_word' id='word_1_185' title='bbox 1774 3703 1894 3769; x_wconf 91' lang='lat' dir='ltr'>ubi</span> <span class='ocrx_word' id='word_1_186' title='bbox 1956 3704 2277 3771; x_wconf 84' lang='lat' dir='ltr'>introitus</span> <span class='ocrx_word' id='word_1_187' title='bbox 2340 3705 2496 3772; x_wconf 85' lang='lat' dir='ltr'>ostii</span> <span class='ocrx_word' id='word_1_188' title='bbox 2554 3705 2644 3771; x_wconf 91' lang='lat' dir='ltr'>ad</span> 
     </span>
     <span class='ocr_line' id='line_1_29' title="bbox 529 3803 2644 3894; baseline 0.002 -23"><span class='ocrx_word' id='word_1_189' title='bbox 529 3803 558 3844; x_wconf 80' lang='lat'>¹</span> <span class='ocrx_word' id='word_1_190' title='bbox 577 3806 1046 3887; x_wconf 86' lang='lat' dir='ltr'>coemeterium,</span> <span class='ocrx_word' id='word_1_191' title='bbox 1095 3805 1400 3891; x_wconf 87' lang='lat' dir='ltr'>quaedam</span> <span class='ocrx_word' id='word_1_192' title='bbox 1446 3803 1733 3893; x_wconf 84' lang='lat' dir='ltr'>Capella,</span> <span class='ocrx_word' id='word_1_193' title='bbox 1781 3807 1968 3894; x_wconf 86' lang='lat' dir='ltr'>cujus</span> <span class='ocrx_word' id='word_1_194' title='bbox 2030 3806 2240 3873; x_wconf 87' lang='lat' dir='ltr'>altare</span> <span class='ocrx_word' id='word_1_195' title='bbox 2294 3807 2514 3874; x_wconf 87' lang='lat' dir='ltr'>fuerat</span> <span class='ocrx_word' id='word_1_196' title='bbox 2570 3809 2644 3874; x_wconf 88' lang='lat' dir='ltr'>in</span> 
     </span>
     <span class='ocr_line' id='line_1_30' title="bbox 531 3905 2646 3989; baseline 0.001 -17"><span class='ocrx_word' id='word_1_197' title='bbox 531 3907 776 3974; x_wconf 89' lang='lat' dir='ltr'>honore</span> <span class='ocrx_word' id='word_1_198' title='bbox 841 3907 1073 3974; x_wconf 88' lang='lat' dir='ltr'>Sancti</span> <span class='ocrx_word' id='word_1_199' title='bbox 1147 3905 1357 3972; x_wconf 89' lang='lat' dir='ltr'>Blasii</span> <span class='ocrx_word' id='word_1_200' title='bbox 1425 3913 1817 3989; x_wconf 88' lang='lat' dir='ltr'>consecrata,</span> <span class='ocrx_word' id='word_1_201' title='bbox 1881 3907 2002 3973; x_wconf 90' lang='lat' dir='ltr'>ubi</span> <span class='ocrx_word' id='word_1_202' title='bbox 2079 3909 2238 3974; x_wconf 87' lang='lat' dir='ltr'>olim</span> <span class='ocrx_word' id='word_1_203' title='bbox 2311 3907 2646 3974; x_wconf 87' lang='lat' dir='ltr'>celebrata</span> 
     </span>
     <span class='ocr_line' id='line_1_31' title="bbox 534 4007 2645 4098; baseline -0 -23"><span class='ocrx_word' id='word_1_204' title='bbox 534 4008 743 4098; x_wconf 82' lang='lat' dir='ltr'>Missa</span> <span class='ocrx_word' id='word_1_205' title='bbox 800 4008 1137 4075; x_wconf 85' lang='lat' dir='ltr'>cotidiana</span> <span class='ocrx_word' id='word_1_206' title='bbox 1198 4007 1460 4073; x_wconf 74' lang='lat' dir='ltr'>Sanctae</span> <span class='ocrx_word' id='word_1_207' title='bbox 1507 4008 1760 4091; x_wconf 83' lang='lat' dir='ltr'>Mariae,</span> <span class='ocrx_word' id='word_1_208' title='bbox 1809 4030 1894 4074; x_wconf 84' lang='lat' dir='ltr'>ex</span> <span class='ocrx_word' id='word_1_209' title='bbox 1938 4009 2293 4076; x_wconf 88' lang='lat' dir='ltr'>devotione</span> <span class='ocrx_word' id='word_1_210' title='bbox 2338 4015 2408 4076; x_wconf 93' lang='lat' dir='ltr'>et</span> <span class='ocrx_word' id='word_1_211' title='bbox 2451 4010 2645 4076; x_wconf 83' lang='lat' dir='ltr'>insti-</span> 
     </span>
     <span class='ocr_line' id='line_1_32' title="bbox 532 4108 2643 4192; baseline -0 -16"><span class='ocrx_word' id='word_1_212' title='bbox 532 4111 795 4177; x_wconf 90' lang='lat' dir='ltr'>tutione</span> <span class='ocrx_word' id='word_1_213' title='bbox 843 4109 1124 4176; x_wconf 82' lang='lat' dir='ltr'>Galfridi</span> <span class='ocrx_word' id='word_1_214' title='bbox 1188 4114 1259 4176; x_wconf 93' lang='lat' dir='ltr'>et</span> <span class='ocrx_word' id='word_1_215' title='bbox 1302 4108 1640 4192; x_wconf 79' lang='lat' dir='ltr'>willelmi,</span> <span class='ocrx_word' id='word_1_216' title='bbox 1690 4116 1760 4176; x_wconf 93' lang='lat' dir='ltr'>et</span> <span class='ocrx_word' id='word_1_217' title='bbox 1828 4115 2216 4176; x_wconf 74' lang='lat' dir='ltr'>caeterorum</span> <span class='ocrx_word' id='word_1_218' title='bbox 2277 4111 2643 4192; x_wconf 88' lang='lat' dir='ltr'>Abbatum,</span> 
     </span>
     <span class='ocr_line' id='line_1_33' title="bbox 531 4209 2644 4299; baseline 0.001 -21"><span class='ocrx_word' id='word_1_219' title='bbox 531 4218 611 4278; x_wconf 92' lang='lat' dir='ltr'>ut</span> <span class='ocrx_word' id='word_1_220' title='bbox 653 4213 728 4278; x_wconf 92' lang='lat' dir='ltr'>in</span> <span class='ocrx_word' id='word_1_221' title='bbox 771 4233 997 4279; x_wconf 89' lang='lat' dir='ltr'>eorum</span> <span class='ocrx_word' id='word_1_222' title='bbox 1043 4209 1268 4277; x_wconf 86' lang='lat' dir='ltr'>Gestis</span> <span class='ocrx_word' id='word_1_223' title='bbox 1311 4212 1767 4299; x_wconf 87' lang='lat' dir='ltr'>comperimus,</span> <span class='ocrx_word' id='word_1_224' title='bbox 1813 4211 2011 4279; x_wconf 90' lang='lat' dir='ltr'>modo</span> <span class='ocrx_word' id='word_1_225' title='bbox 2064 4213 2279 4279; x_wconf 89' lang='lat' dir='ltr'>deleta</span> <span class='ocrx_word' id='word_1_226' title='bbox 2320 4214 2644 4299; x_wconf 88' lang='lat' dir='ltr'>totaliter,</span> 
     </span>
    </p>
   </div>
   <div class='ocr_carea' id='block_1_5' title="bbox 597 4550 2645 4784">
    <p class='ocr_par' dir='ltr' id='par_1_6' title="bbox 597 4550 2645 4784">
     <span class='ocr_line' id='line_1_34' title="bbox 601 4550 2645 4620; baseline 0.001 -17"><span class='ocrx_word' id='word_1_227' title='bbox 601 4550 619 4587; x_wconf 87' lang='lat'>¹</span> <span class='ocrx_word' id='word_1_228' title='bbox 640 4553 924 4604; x_wconf 71' lang='lat' dir='ltr'>cimiterium</span> <span class='ocrx_word' id='word_1_229' title='bbox 943 4552 999 4604; x_wconf 85' lang='lat' dir='ltr'>in</span> <span class='ocrx_word' id='word_1_230' title='bbox 1020 4551 1137 4604; x_wconf 82' lang='lat' dir='ltr'>MS.</span> <span class='ocrx_word' id='word_1_231' title='bbox 1637 4552 1946 4620; x_wconf 78' lang='lat' dir='ltr'>resembling</span> <span class='ocrx_word' id='word_1_232' title='bbox 1979 4551 2040 4617; x_wconf 79' lang='lat' dir='ltr'>it,</span> <span class='ocrx_word' id='word_1_233' title='bbox 2074 4553 2120 4605; x_wconf 74' lang='lat' dir='ltr'>is</span> <span class='ocrx_word' id='word_1_234' title='bbox 2155 4568 2273 4606; x_wconf 75' lang='lat' dir='ltr'>now</span> <span class='ocrx_word' id='word_1_235' title='bbox 2307 4553 2539 4606; x_wconf 78' lang='lat' dir='ltr'>reverted</span> <span class='ocrx_word' id='word_1_236' title='bbox 2571 4561 2645 4618; x_wconf 86' lang='lat' dir='ltr'>to,</span> 
     </span>
     <span class='ocr_line' id='line_1_35' title="bbox 600 4630 1925 4690; baseline -0.005 1"><span class='ocrx_word' id='word_1_237' title='bbox 600 4638 623 4671; x_wconf 74' lang='lat'>²</span> <span class='ocrx_word' id='word_1_238' title='bbox 644 4637 818 4690; x_wconf 68' lang='lat' dir='ltr'>exibita·</span> <span class='ocrx_word' id='word_1_239' title='bbox 836 4639 892 4689; x_wconf 87' lang='lat' dir='ltr'>in</span> <span class='ocrx_word' id='word_1_240' title='bbox 914 4637 1029 4690; x_wconf 80' lang='lat' dir='ltr'>MS.</span> <span class='ocrx_word' id='word_1_241' title='bbox 1641 4630 1729 4684; x_wconf 80' lang='lat' dir='ltr'>fol.</span> <span class='ocrx_word' id='word_1_242' title='bbox 1758 4635 1852 4683; x_wconf 78' lang='lat'>135</span> <span class='ocrx_word' id='word_1_243' title='bbox 1873 4632 1925 4685; x_wconf 87' lang='lat' dir='ltr'>b.</span> 
     </span>
     <span class='ocr_line' id='line_1_36' title="bbox 597 4712 1544 4784; baseline -0.003 -14"><span class='ocrx_word' id='word_1_244' title='bbox 597 4716 621 4751; x_wconf 80' lang='lat'><strong>³</strong></span> <span class='ocrx_word' id='word_1_245' title='bbox 641 4718 751 4769; x_wconf 84' lang='lat' dir='ltr'>The</span> <span class='ocrx_word' id='word_1_246' title='bbox 768 4716 982 4783; x_wconf 72' lang='lat' dir='ltr'>original</span> <span class='ocrx_word' id='word_1_247' title='bbox 992 4714 1150 4782; x_wconf 78' lang='lat' dir='ltr'>hand,</span> <span class='ocrx_word' id='word_1_248' title='bbox 1166 4729 1226 4768; x_wconf 87' lang='lat' dir='ltr'>or</span> <span class='ocrx_word' id='word_1_249' title='bbox 1238 4730 1335 4768; x_wconf 85' lang='lat' dir='ltr'>one</span> <span class='ocrx_word' id='word_1_250' title='bbox 1353 4712 1544 4784; x_wconf 77' lang='lat' dir='ltr'>closely</span> 
     </span>
    </p>
   </div>
   <div class='ocr_carea' id='block_1_6' title="bbox 3440 4509 3443 5420">
    <p class='ocr_par' dir='ltr' id='par_1_7' title="bbox 3440 4509 3443 5420">
     <span class='ocr_line' id='line_1_37' title="bbox 3440 4509 3443 5420; baseline 0 0"><span class='ocrx_word' id='word_1_251' title='bbox 3440 4509 3443 5420; x_wconf 95' lang='lat' dir='ltr'> </span> 
     </span>
    </p>
   </div>
  </div>
 </body>
</html>
