3467 5717
754 855 886 922 214
1418 864 1737 918 Annuus
1781 862 2207 917 MONASTERII

421 1077 681 1135 anum,
684 1077 730 1125 6.

757 1064 794 1095 “
837 1055 1163 1143 altarique
1207 1053 1452 1121 servire
1498 1053 1832 1136 studeant,
1879 1050 2437 1140 quemadmodum
2487 1049 2605 1118 1de
2664 1048 2865 1115 altari

777 1159 1102 1239 ‘vivunt,
1148 1179 1226 1224 ac
1295 1156 1630 1223 celebrent
1674 1154 1916 1221 cotidie
1960 1176 2114 1220 suas
2167 1153 2446 1235 Missas;
2503 1153 2636 1219 nisi
2678 1173 2865 1218 casus

759 1262 800 1298 “
841 1259 1178 1348 legitimus
1222 1240 1658 1324 intervenerit
1702 1276 1823 1345 pro
1867 1278 2000 1346 quo
2044 1274 2294 1324 cessare
2336 1255 2637 1323 sacerdos
2685 1252 2867 1321 licite

757 1362 1089 1450 “poterit
1131 1384 1174 1429 a
1216 1359 1482 1430 divinis.
1548 1400 1552 1404 -
1625 1372 1632 1379 ’

758 1760 859 1830 De
900 1758 1292 1831 Festivitate
1333 1756 1576 1829 Sami
1607 1754 2424 1847 Outberti.——Gapitulum
2450 1752 2865 1826 Secundam

760 2030 795 2063 lc

845 1931 885 1962 “
930 1924 1276 2003 Praeterea,
1321 1921 1481 2010 quia
1522 1921 1855 2009 plerisque
1899 1920 2188 1989 ecclesiis
2222 1925 2302 1987 et
2343 1919 2658 1986 coenobiis
2706 1919 2859 1986 ideo

841 2025 1282 2113 exemptionis
1321 2024 1669 2113 privilegia
1695 2024 1963 2092 indulta
1991 2023 2436 2113 supponimus,
2464 2026 2545 2089 ut
2573 2021 2865 2109 quietius

760 2135 802 2166 “
844 2129 919 2196 in
964 2128 1212 2195 eisdem
1279 2127 1518 2193 fratres
1584 2127 1846 2208 vivant,
1886 2132 1965 2192 et
2025 2147 2165 2192 non
2226 2124 2316 2193 ab
2375 2124 2543 2205 aliis,
2599 2125 2674 2191 in
2731 2124 2866 2190 hiis

761 2240 795 2268 “
842 2230 1205 2319 praesertim
1235 2251 1387 2317 quse
1415 2229 1707 2296 tendunt
1750 2230 1824 2294 in
1852 2228 2170 2296 honorem
2211 2227 2360 2309 Dei,
2406 2227 2867 2295 disconformes

760 2339 800 2371 “
840 2333 1056 2414 fiant3
1114 2332 1536 2399 advertentes
1582 2335 1906 2418 quantum
1950 2331 2042 2397 sit
2099 2331 2410 2398 indecens
2470 2333 2541 2396 et
2596 2329 2867 2396 indevo-

760 2443 799 2473 “
841 2441 990 2502 tum
1033 2434 1350 2524 populum
1397 2434 1522 2500 Dei
1567 2433 1961 2521 peculiarem
1991 2431 2321 2499 serialiter
2347 2453 2543 2520 agere
2570 2432 2645 2497 in
2673 2431 2869 2499 eccle-

845 2537 963 2620 sia,
1005 2542 1076 2603 et
1119 2537 1381 2625 plebem
1425 2536 1770 2624 vulgarem
1833 2536 2373 2602 circumstantem
2416 2555 2565 2600 cum
2624 2534 2867 2601 laetitia

841 2638 1019 2705 diem
1062 2639 1316 2722 ducere,
1362 2660 1438 2705 ac
1505 2660 1627 2726 pro
1690 2636 1717 2676 ²
1735 2636 2157 2705 solemnitate
2219 2634 2611 2724 suspendere
2670 2657 2869 2724 opera

841 2763 964 2807 sua.
989 2741 1186 2822 ;—ad
1243 2740 1417 2807 hanc
1476 2741 1946 2808 removendam
2010 2738 2474 2821 indecentiam,
2520 2738 2868 2805 conformi-

846 2846 1185 2929 tatemque
1226 2840 1691 2921 inducendam,
1740 2841 2142 2923 ordinamus,
2190 2852 2257 2908 et
2321 2840 2657 2907 observari
2703 2862 2883 2927 prae-.

846 2944 1145 3033 cipimus,
1203 2965 1324 3033 pro
1391 2945 1730 3032 perpetuis
1790 2944 2199 3031 temporibus
2258 2943 2583 3025 affuturis,
2652 2946 2733 3008 ut
2790 2942 2866 3007 in

763 3053 801 3086 “
846 3046 1236 3114 celebrando
1290 3046 1565 3114 Festum
1613 3046 1697 3113 de
1747 3046 2181 3133 Depositione
2232 3044 2463 3113 Sancti
2491 3043 2867 3124 cuthberti,

840 3148 1200 3233 Pontificis,
1230 3148 1323 3216 sit
1370 3148 1567 3237 hujus
1614 3147 1958 3215 Prioratus
1993 3148 2277 3237 populus
2327 3151 2674 3235 exemptus
2723 3147 2871 3213 aliis

846 3251 1128 3318 ecclesiis
1179 3251 1536 3318 convicinis
1587 3249 1985 3318 conveniens
2037 3255 2108 3316 et
2158 3248 2550 3331 conformis3
2598 3249 2870 3315 habeat-

840 3374 970 3441 que
1020 3353 1146 3420 iste
1194 3353 1478 3420 Sanctus
1529 3353 1615 3419 ab
1664 3352 1790 3418 hoc
1835 3352 2096 3440 populo,
2128 3372 2252 3417 sua
2289 3351 2705 3438 exemptione
2732 3370 2869 3417 non

694 3530 707 3536 ‚
760 3462 799 3492 “
843 3455 1169 3535 obstante,
1201 3459 1464 3522 tantam
1510 3456 1585 3521 in
1629 3474 1709 3522 ea
1747 3459 1938 3541 parte
1980 3448 2437 3533 reverentiam,
2467 3456 2718 3541 quanta
2753 3472 2871 3540 per

762 3563 799 3594 “
841 3557 1182 3623 matricem
1231 3557 1564 3624 ecclesiam
1610 3556 1855 3624 Sancto
1898 3555 2187 3634 Thomse,
2215 3555 2289 3620 in
2318 3553 2503 3641 cujus
2545 3551 2573 3594 ⁸
2593 3553 2867 3620 Provin-

762 3664 803 3695 “
845 3657 949 3722 cia
991 3658 1241 3738 existit,
1296 3660 1747 3747 impenditur,
1730 3684 1745 3700 ·
1790 3659 1865 3724 in
1908 3657 2267 3744 eademque
2323 3657 2534 3724 forma
2584 3677 2662 3723 ac
2708 3653 2738 3695 ‘¹'
2763 3677 2869 3721 so-

759 3764 797 3795 “
841 3758 1187 3826 lemnitate
1240 3782 1372 3847 qua
1434 3761 1615 3827 illius
1672 3760 1900 3828 Passio
1967 3759 1995 3800 ⁶
2016 3759 2193 3847 apud
2260 3758 2445 3825 illam
2514 3757 2865 3839 ecclesiam,

760 3864 800 3897 “
842 3859 1037 3927 istius
1078 3859 1419 3949 Depositio
1463 3861 1490 3903 ⁶
1507 3862 1688 3950 apud
1732 3862 1932 3930 istam
1962 3860 2271 3930 continue
2300 3861 2383 3927 de
2425 3865 2662 3928 coetero
2705 3860 2866 3927 cele-

760 3968 798 4000 “
841 3961 1085 4032 bretur.

829 4234 847 4268 ¹
876 4241 898 4286 1
924 4232 1039 4286 Cor.
1062 4234 1135 4285 ix.
1163 4238 1240 4287 13.
1862 4233 2200 4298 Archbishop.

832 4312 853 4345 ⁹
874 4309 1224 4378 adlnnpnitate
1246 4312 1299 4362 in
1322 4310 1435 4363 ΜΒ.
1926 4311 1949 4344 ⁴
1969 4309 2313 4377 eonempm'tati
2336 4309 2391 4360 in
2412 4309 2525 4363 MS.

829 4388 852 4423 ³
874 4391 1007 4442 That
1041 4389 1101 4441 of
1119 4390 1468 4455 *Canta-bury,
1506 4389 1571 4440 of
1605 4388 1771 4441 which
1933 4389 1954 4423 ⁵
1969 4396 2095 4456 aput
2114 4389 2165 4440 in
2185 4389 2301 4441 MS.

765 4469 840 4524 St.
907 4469 1131 4522 Thomas
1185 4468 1430 4536 (Becket)
1485 4469 1587 4520 had
1640 4470 1769 4520 been
