3467 5717
1294 839 1535 891 snum
1578 838 1856 890 Ansam.
2489 825 2614 890 291

523 1038 560 1068 “
606 1033 954 1121 designata
997 1036 1066 1100 et
1098 1054 1404 1120 expressa
1445 1031 1576 1121 ipsi
1605 1030 1817 1099 officio
1862 1031 2320 1119 applicarunt3
2364 1045 2620 1096 necnon
2645 1032 2956 1091 sun-1⁴³0)-

524 1141 559 1170 “
603 1136 770 1202 illud
820 1136 1070 1203 residui
1115 1136 1309 1222 quod,
1362 1136 1662 1202 deductis
1713 1134 2092 1222 hujusmodi
2132 1133 2455 1213 oneribus,
2511 1155 2624 1199 an·

526 1244 560 1273 ‘⁶
604 1238 864 1304 nuatim
910 1260 1244 1326 superesse
1284 1239 1715 1326 contingeret,
1746 1260 1867 1326 pro
1912 1238 2244 1305 communi
2289 1236 2525 1323 colligi,
2555 1240 2625 1302 et

527 1346 562 1375 “
607 1340 989 1407 custodibus
1036 1342 1231 1407 dictae
1280 1342 1462 1408 cistae
1506 1341 1704 1417 tradi,
1769 1341 2130 1407 voluerunt
2171 1362 2290 1429 per
2343 1339 2624 1405 eundem

529 1452 565 1478 “
611 1464 1060 1530 possessorem,
1092 1466 1168 1511 ac
1197 1445 1267 1509 in
1299 1442 1668 1530 praemissis,
1700 1447 1772 1509 et
1802 1444 1976 1510 circa
2019 1465 2114 1525 ea,
2159 1443 2292 1508 alia
2336 1440 2628 1508 salubria

530 1554 565 1580 “
609 1551 680 1611 et
739 1547 946 1611 statui
1020 1547 1296 1633 praefato
1356 1566 1649 1632 congrua
1716 1546 2017 1611 fecerunt
2085 1550 2154 1611 et
2215 1546 2631 1634 peregerunt,

530 1653 566 1682 “
611 1652 810 1735 prout
882 1648 955 1712 in
1007 1648 1249 1714 litteris
1323 1647 1731 1734 patentibus,
1811 1648 2030 1735 sigillo
2106 1647 2267 1713 dicti
2341 1645 2632 1711 Abbatis

530 1760 564 1786 “
609 1750 904 1831 munitis,
937 1750 1181 1823 dicitur
1223 1749 1482 1837 plenius
1527 1750 1867 1817 contineri.
1962 1750 2199 1831 Quare,
2261 1770 2381 1836 pro
2442 1750 2634 1835 parte

534 1861 570 1888 ‘¹
614 1852 899 1918 Abbatis
928 1857 999 1918 et
1043 1853 1430 1920 Conventus
1472 1852 1959 1941 praedictorum,
2003 1853 2195 1918 nobis
2238 1850 2368 1917 fuit
2414 1850 2635 1915 humi-

534 1964 569 1991 “
611 1956 765 2022 liter
793 1956 1256 2044 supplicatum,
1300 1966 1383 2022 ut
1427 1957 1609 2022 cistae
1654 1958 1724 2022 et
1769 1958 2171 2022 statutorum
2216 1952 2637 2030 ordinationi,

535 2064 576 2095 “
620 2080 695 2124 ac
742 2058 959 2125 Officii
1009 2057 1347 2146 Operariae
1400 2058 1838 2137 institutioni,
1879 2059 2207 2151 bonorum
2252 2076 2639 2143 quocunque

538 2170 574 2197 “
619 2160 1063 2248 applicationi,
1110 2167 1179 2227 et
1222 2161 1578 2242 voluntati,
1624 2161 1975 2248 praedictis,
2019 2158 2293 2247 aliisque
2354 2158 2646 2224 rationa-

536 2272 573 2300 “
617 2264 845 2330 biliter
872 2283 989 2351 per
1033 2285 1142 2330 eos
1187 2263 1357 2329 circa
1384 2262 1526 2330 haec
1572 2262 1958 2341 ordinatis,
1939 2286 2014 2327 111
2057 2260 2354 2351 praefatis
2397 2260 2644 2327 litteris

542 2373 577 2402 “
623 2367 978 2445 contentis,
1008 2387 1125 2453 pro
1155 2384 1382 2432 eorum
1428 2364 1856 2431 subsistentia
1883 2363 2177 2444 firmiori,
2217 2363 2421 2430 robur
2464 2362 2644 2450 Apo-

541 2476 579 2506 “
625 2468 876 2534 stolicae
939 2466 1459 2534 confirmationis
1516 2467 1794 2552 adjicere
1855 2467 1937 2533 de
1995 2466 2415 2554 benignitate
2468 2465 2649 2553 Apo-

545 2578 581 2607 “
628 2571 859 2637 stolica
907 2570 1348 2658 dignaremur.
1439 2569 1578 2635 Nos
1626 2570 1856 2657 igitur,
1900 2568 2277 2657 hujusmodi
2322 2566 2646 2656 supplica·

544 2681 581 2710 “
625 2673 922 2740 tionibus
1000 2672 1322 2752 inclinati,
1401 2670 1781 2738 discretioni
1864 2676 2002 2739 tuae
2073 2690 2192 2761 per
2267 2669 2650 2760 Apostolica

545 2783 582 2815 ‘³
628 2776 871 2864 scripta
929 2774 1407 2842 committimus
1468 2779 1537 2840 et
1599 2772 2010 2856 mandamus,
2071 2779 2400 2862 quatenus
2452 2796 2650 2862 super

504 2898 511 2905 ·
546 2885 581 2914 “
624 2876 983 2965 praemissis
1043 2876 1349 2942 omnibus
1425 2880 1495 2942 et
1568 2875 1866 2964 singulis,
1944 2896 2299 2963 eorumque
2373 2876 2653 2943 circum-

549 2988 587 3018 “
633 2980 873 3046 stantis
916 2979 1265 3059 universis,
1310 2984 1377 3045 te
1409 2978 1763 3066 diligenter
1805 2978 2159 3061 informes3
2203 2985 2275 3046 et
2304 2979 2361 3044 si
2393 3000 2509 3067 per
2548 2978 2653 3044 in-

549 3093 582 3119 “
627 3082 1087 3148 formationem
1134 3081 1536 3168 hujusmodi,
1585 3081 2203 3169 praemissorumque
2266 3078 2656 3169 diligentem

552 3193 587 3223 “
631 3184 1155 3272 inspectionem,¹
1172 3185 1271 3249 ita
1316 3204 1472 3262 esse,
1518 3206 1595 3250 ac
1640 3187 1902 3250 statuta
1947 3182 2225 3271 praefata
2283 3204 2492 3271 sequa,
2552 3204 2659 3250 ra-

551 3296 588 3324 “
632 3286 1001 3366 tionabilia,
1051 3285 1208 3368 fore,
1253 3289 1453 3373 atque
1498 3286 1631 3351 alia
1674 3286 2014 3373 praemissa
2057 3285 2130 3351 in
2175 3284 2371 3353 dictis
2413 3286 2660 3352 litteris

552 3397 589 3425 “
636 3393 951 3456 contenta
980 3408 1098 3475 pro
1150 3386 1650 3455 conservatione
1694 3392 1912 3455 status
1958 3388 2117 3455 dicti
2164 3388 2546 3455 monasterii
2592 3394 2662 3456 et

555 3501 587 3533 ‘⁶
632 3492 811 3558 illius
862 3491 1415 3558 indemnitatibus
1460 3491 1863 3578 processisse,
1911 3490 2247 3580 repereriS‚
2292 3512 2487 3580 super
2532 3514 2663 3580 quo

553 3605 585 3633 “
633 3601 821 3660 tuam
851 3594 1314 3660 conscientiam
1346 3614 1710 3673 oneramus,
1743 3595 1924 3661 cistae
1955 3602 2024 3662 et
2053 3600 2459 3661 statutorum
2489 3596 2664 3662 ordi·

557 3706 594 3735 ‘⁴
639 3698 994 3776 nationem,
1026 3696 1220 3763 officii
1249 3696 1764 3776 institutionem,
1794 3697 1897 3763 illi
1926 3697 2246 3765 bonorum
2278 3698 2661 3787 applicatio-

557 3810 595 3840 “
640 3820 810 3877 nem,
842 3801 1276 3883 voluntatem,
1325 3804 1394 3866 et
1438 3800 1570 3865 alia
1614 3800 1783 3866 circa
1835 3800 1977 3868 haec
2015 3803 2504 3869 rationabiliter
2547 3824 2666 3891 per

559 3912 593 3940 ‘⁸
642 3924 753 3968 eos
795 3902 1119 3980 ordinata,
1155 3922 1302 3988 quae
1332 3902 1407 3967 in
1436 3902 1734 3991 praefatis
1766 3903 2011 3970 litteris
2042 3904 2483 3984 continentur,
2517 3924 2668 3970 aue-

562 4011 598 4043 “
647 4004 921 4070 toritate
950 4009 1178 4069 nostra
1206 4006 1527 4093 approbes
1568 4009 1639 4071 et
1669 4004 2028 4072 confirmes.
2135 4007 2385 4071 Datum
2419 4006 2668 4087 Romae,

561 4118 597 4144 “
640 4107 817 4195 apud
836 4106 1168 4174 Sanctum
1216 4108 1509 4190 Petrum,
1538 4130 1719 4174 anno
1766 4106 2259 4174 Incarnationis
2304 4107 2672 4175 Dominicse

559 4218 594 4247 ‘¹
639 4209 988 4276 millesimo
1019 4210 1670 4329 quadringentesimo
1699 4210 2033 4277 tricesimo
2064 4208 2295 4298 primo,
2325 4210 2674 4278 undecimo

562 4312 983 4378 “Kalendas
1026 4314 1073 4378 J
1076 4332 1238 4393 unu
1284 4312 1725 4381 Pontificatus
1771 4313 1983 4381 nostri
2028 4334 2202 4381 anno
2247 4312 2516 4403 primof'

658 4414 1030 4503 Impetrata
1098 4416 1301 4481 Bulla
1356 4416 1505 4497 ista,
1564 4422 1635 4484 et
1715 4418 1803 4482 ad
1877 4422 2099 4506 partes
2174 4417 2444 4501 directa,
2516 4436 2677 4486 mox
2703 4421 2816 4474 The
2839 4423 3016 4477 Abbot

564 4516 796 4583 Abbas
814 4530 1272 4637 procuratores
1302 4520 1670 4599 constituit,
1692 4541 1812 4609 per
1842 4540 2121 4607 quorum
2151 4542 2388 4586 manus
2411 4521 2675 4588 Bullam
2700 4490 2949 4624 hffmm

565 4618 768 4700 illam,
828 4621 904 4686 in
962 4627 1351 4711 perpetuam
1395 4624 1922 4712 supradictarum
1968 4622 2478 4691 ordinationum
2524 4644 2678 4693 con·
2701 4574 2836 4677 ‘⁰¹⁸1’
2828 4632 2883 4677 ‘⁰
2907 4640 2994 4691 δι’·

564 4722 649 4787 fir
654 4724 1033 4808 mationem,
1092 4724 1454 4793 venerabili
1504 4727 1646 4794 viro
1717 4727 2035 4815 delegatO,
2107 4728 2404 4817 superius
2464 4731 2675 4798 nomi·
2725 4772 2811 4809 οη
2832 4692 2933 4809 tlss

2280 4834 2411 4899 '1⁸2
