3467 5717
1414 850 1661 902 sanem
1704 851 1980 903 ALBAM.
2617 842 2744 905 123

643 1046 679 1076 “
720 1061 946 1107 causas
1006 1044 1076 1107 et
1137 1040 1631 1129 impedimenta,
1681 1040 1701 1079 ¹
1723 1041 1840 1108 sed
1900 1044 2354 1110 excusationes
2421 1043 2743 1110 absentiae
2773 1032 3080 1110 A.D.1423.

642 1150 676 1178 “
719 1147 964 1209 nostrae
1038 1141 1393 1231 allegandi,
1470 1147 1540 1209 et
1614 1143 1816 1209 fidem
1889 1166 2086 1230 super
2157 1145 2285 1211 hiis
2359 1146 2743 1232 requisitam

642 1251 679 1281 “
720 1244 1020 1326 faciendi,
1051 1267 1129 1311 ac
1171 1245 1435 1312 litteras
1464 1266 1892 1332 quascunque
1936 1246 2278 1334 simplices,
2310 1270 2386 1314 ac
2413 1248 2742 1335 legendae,

644 1354 679 1383 ‘²
723 1348 992 1434 gratias,
1039 1347 1514 1435 indulgentiae,
1559 1352 1680 1413 aut
1739 1348 2107 1436 privilegia,
2161 1372 2276 1416 seu
2336 1371 2747 1417 communem

644 1457 681 1485 ‘⁴
719 1449 1057 1535 justitiam
1113 1450 1546 1530 continentes,
1592 1450 2012 1536 impetrandi,
2059 1473 2137 1516 ac
2193 1452 2567 1539 impetratis
2634 1476 2749 1519 seu

648 1558 684 1588 “
730 1553 1165 1639 impetrandis
1210 1557 1439 1618 contra
1480 1572 1601 1617 nos
1646 1562 1772 1616 aut
1817 1551 2203 1638 Capitulum
2263 1560 2583 1632 nostrum,
2632 1579 2748 1620 seu

649 1661 685 1688 “
733 1654 1050 1721 Ordinem
1095 1655 1499 1742 praedictum,
1549 1654 2042 1719 contradicendi
2102 1660 2173 1721 et
2230 1657 2626 1743 opponendi,
2673 1659 2746 1722 in

644 1764 682 1792 “
716 1758 976 1843 judices
1017 1762 1086 1823 et
1123 1757 1267 1823 loca
1310 1756 1782 1838 consentiendi,
1826 1778 1903 1821 ac
1953 1756 2209 1842 judices
2257 1762 2328 1823 et
2381 1759 2524 1824 loca
2563 1781 2744 1825 recu-

643 1867 679 1896 “
721 1858 928 1940 sandi,
962 1863 1048 1936 et,
1093 1860 1150 1923 si
1180 1879 1439 1926 necesse
1483 1859 1706 1941 fuerit,
1751 1859 1828 1924 in
1870 1859 2224 1946 praemissis
2256 1861 2565 1927 omnibus
2608 1861 2744 1927 sin-

645 1970 678 1997 “
721 1961 892 2048 gulis
937 1961 1211 2048 agendis
1255 1966 1326 2026 et
1369 1959 1819 2039 defendendiS,
1863 1961 2160 2027 libellum
2204 1984 2330 2028 seu
2390 1964 2746 2051 petitiones

644 2072 679 2101 “
723 2064 1186 2131 sententiarias
1230 2063 1436 2130 dandi
1467 2067 1536 2128 et
1564 2063 1942 2151 recipiendi,
1972 2064 2165 2130 litem
2208 2067 2626 2132 contestandi
2665 2062 2747 2133 de

647 2174 682 2203 “
728 2164 1100 2232 'calumnia
1141 2171 1212 2232 et
1257 2165 1341 2232 de
1385 2166 1671 2232 veritate
1717 2166 2016 2245 dicenda,
2059 2174 2129 2233 et
2174 2166 2522 2253 quodlibet,
2564 2168 2750 2234 aliud

648 2278 682 2304 “
729 2269 989 2335 licitum
1051 2267 1507 2354 juramentum
1568 2268 1642 2333 in
1702 2269 1960 2334 animas
2033 2273 2295 2335 nostras
2369 2273 2751 2357 praestandi,

646 2379 683 2408 “
728 2372 1025 2458 ponendi,
1046 2378 1114 2437 et
1144 2370 1563 2450 articulandi,
1588 2371 2029 2458 positionibus
2059 2375 2129 2438 et
2158 2372 2458 2439 articulis
2484 2395 2754 2461 respon-

645 2480 683 2509 “
728 2474 949 2553 dendi,
1014 2472 1295 2539 erimina
1369 2478 1438 2538 et
1501 2473 1794 2539 defectus
1860 2474 2253 2562 opponendi,
2298 2480 2370 2541 et
2436 2476 2753 2564 oppositis

648 2585 682 2613 “
728 2576 1183 2664 respondendi,
1242 2581 1465 2653 testeS,
1524 2575 1801 2655 litteras,
1864 2576 2198 2658 instituta,
2251 2577 2422 2664 jura,
2469 2584 2637 2657 acta,
2682 2586 2753 2645 et

647 2691 682 2716 ‘⁴
728 2681 1159 2759 munimenta,
1207 2683 1279 2745 et
1324 2700 1751 2764 quascunque
1802 2679 2223 2766 probationes
2269 2681 2450 2761 alias,
2481 2704 2558 2747 ac
2601 2706 2748 2769 pro-

649 2791 685 2819 “
732 2782 1079 2848 bationum
1138 2803 1400 2869 genera,
1446 2781 1863 2868 producendi,
1910 2788 1982 2849 et
2024 2788 2254 2849 contra
2297 2784 2616 2870 producta
2664 2809 2748 2850 ex

651 2895 683 2920 “
728 2886 1002 2951 adverso
1032 2885 1424 2973 opponendi,
1455 2883 1844 2972 excipiendi,
1888 2885 2268 2974 replicandi,
2299 2888 2750 2964 renunciandi,
2853 2870 2866 2879 ’

648 2996 682 3023 “
728 2991 801 3053 et
828 2986 1281 3067 concludendi,
1311 2987 1676 3052 sententias
1718 2988 1876 3052 ferri
1921 2987 2189 3076 petendi
2217 2993 2289 3054 et
2317 2989 2653 3068 audiendi,
2686 2997 2754 3055 et

654 3099 685 3125 “
732 3090 820 3156 ab
849 3091 943 3156 eis
977 3094 1047 3157 et
1089 3113 1131 3155 a
1172 3109 1564 3177 quocunque
1606 3090 1991 3176 gravamine
2034 3090 2227 3157 nobis
2272 3096 2393 3158 aut
2439 3091 2752 3178 Capitulo

653 3203 686 3228 “
733 3215 849 3258 seu
911 3192 1146 3258 Ordini
1218 3192 1465 3258 nostris
1521 3192 1860 3278 praedictis
1917 3193 2143 3276 illatis,
2201 3215 2318 3259 seu
2374 3194 2749 3271 inferendis,

654 3306 689 3332 “
736 3294 1139 3383 provocandi
1180 3300 1251 3361 et
1302 3294 1695 3382 appellandi,
1743 3295 2099 3381 Apostolos
2143 3296 2433 3383 petendi,
2481 3302 2551 3362 et
2595 3297 2754 3362 reci-

652 3407 688 3433 “
733 3398 958 3484 piendi
1008 3397 1398 3463 beneficium
1441 3397 1892 3464 restitutionis
1936 3397 2010 3462 in
2051 3398 2406 3485 integrum,
2453 3401 2523 3463 et
2567 3398 2753 3464 abso-

651 3508 687 3537 “
731 3500 1008 3567 lutionis
1039 3523 1079 3566 a
1110 3500 1610 3587 quibuscunque
1654 3500 1949 3566 censuris
1986 3500 2439 3567 ecclesiasticis
2486 3501 2752 3586 petendi

652 3612 684 3639 ·‘
731 3609 801 3668 et
845 3602 1214 3683 obtinendi,
1243 3601 1449 3667 alium
1496 3608 1566 3668 et
1608 3603 1775 3667 alios
1804 3608 2293 3691 procuratorem
2336 3608 2405 3670 et
2451 3625 2756 3690 procura-

650 3714 685 3741 “
734 3711 909 3772 tores
952 3726 1072 3771 suo
1117 3706 1258 3771 loco
1300 3703 1769 3781 substituendi,
1800 3706 1916 3791 qui
1959 3705 2240 3772 similem
2283 3706 2358 3771 in
2402 3706 2753 3794 praemissis

653 3816 687 3843 ‘⁴
735 3808 977 3875 habeat
1033 3813 1103 3874 et
1162 3807 1457 3873 habeant
1517 3811 1931 3894 potestatem,
1973 3831 2050 3875 ac
2093 3809 2640 3877 substitutionem
2683 3816 2753 3875 et

654 3919 690 3948 “
732 3911 1243 3978 substitutiones
1300 3909 1680 3995 hujusmodi
1724 3913 2092 3991 revocandi,
2140 3917 2211 3978 et
2270 3911 2554 3978 officium
2601 3936 2753 3999 pro-

654 4021 688 4049 “
732 4013 1055 4080 curatoris
1100 4012 1173 4078 in
1232 4034 1302 4078 se
1362 4013 1828 4094 reassumendi,
1876 4015 2184 4101 quotiens
2241 4014 2371 4079 sibi
2414 4014 2755 4080 videbitur

652 4126 687 4153 ‘⁸
732 4118 1060 4204 expedire,
1106 4120 1178 4182 et
1218 4115 1618 4204 generaliter
1661 4121 1730 4182 et
1777 4116 2148 4203 specialiter
2208 4115 2430 4182 omnia
2489 4123 2560 4182 et
2618 4116 2752 4181 sin-

655 4226 690 4255 “
734 4220 891 4307 gula
934 4218 1218 4285 faciendi
1249 4222 1318 4284 et
1347 4218 1716 4298 exercendi,
1762 4240 1911 4306 quae
1955 4219 2028 4284 in
2073 4218 2429 4307 praemissis
2473 4224 2544 4285 et
2588 4219 2757 4285 circa

652 4330 690 4357 “
735 4343 813 4387 ea
855 4321 1215 4389 necessaria
1258 4320 1528 4401 fuerint,
1572 4320 1683 4387 vel
1728 4326 2117 4409 opportuna,
2168 4322 2296 4388 etsi
2364 4321 2751 4387 mandatum

653 4432 690 4461 ‘⁸
737 4427 966 4511 exigat
1018 4424 1231 4513 magis
1278 4423 1592 4512 speciale;
1638 4429 1708 4491 et
1752 4444 1906 4511 quse
1964 4446 2105 4506 nos,
2149 4423 2525 4490 Praesidens
2568 4429 2756 4489 ante-

2519 4599 2753 4608 ,-

716 4710 731 4742 ¹
757 4719 833 4762 set
854 4710 908 4760 in
929 4709 1046 4763 MS.
1690 4709 1700 4777 Ι
1797 4712 1815 4740 “-’
1837 4707 2109 4775 εοίιιηιριιὶα
2129 4708 2181 4761 in
2205 4710 2316 4763 MS.
