3467 5717
1348 880 1592 931 sinen
1636 880 1910 932 Amul.
2562 868 2678 931 251

592 1070 629 1101 “
675 1065 885 1132 tinere
944 1063 1200 1131 debere.
1293 1065 1819 1132 Pronunciamus
1878 1065 2102 1146 etiam,
2148 1064 2577 1148 decernimuS‚
2623 1068 2694 1132 et
2718 1088 3028 1148 i.n.1427,s.

593 1173 630 1202 “
675 1168 1107 1248 declaramus,
1152 1190 1274 1255 pro
1309 1166 1463 1255 jure
1494 1173 1565 1234 et
1594 1167 1781 1254 quasi
1814 1167 2223 1255 possessione
2255 1166 2429 1254 juris
2458 1190 2692 1235 eorun-

591 1276 628 1305 “
674 1270 824 1336 dem
890 1269 1184 1336 Abbatis
1243 1275 1314 1336 et
1366 1270 1772 1351 Conventus,
1817 1270 2223 1357 percipiendi
2275 1276 2345 1337 et
2404 1271 2692 1338 habendi

591 1379 628 1408 “
672 1373 839 1439 duas
896 1382 1116 1460 partes
1173 1372 1575 1439 decimarum
1624 1372 1781 1457 jure
1839 1376 1910 1437 et
1971 1374 2238 1440 nomine
2310 1374 2693 1441 monasterii

592 1481 627 1508 “
674 1475 995 1562 praedicti,
1048 1474 1390 1561 dictosque
1434 1474 1773 1542 Abbatem
1819 1478 1890 1540 et
1944 1475 2370 1543 Conventum
2434 1477 2523 1542 ad
2580 1477 2695 1562 jus

588 1583 625 1613 “
670 1582 739 1644 et
783 1577 973 1664 quasi
1018 1577 1484 1664 possessionem
1531 1598 1654 1643 sua
1703 1576 1778 1642 in
1830 1576 2078 1644 eisdem
2126 1577 2578 1645 restituendos
2623 1582 2693 1644 et

592 1686 627 1713 “
673 1680 1072 1746 reducendos
1135 1679 1320 1760 fore3
1373 1698 1536 1765 quos
1612 1678 1816 1744 etiam
1868 1678 1954 1744 ad
2020 1700 2099 1745 ea
2149 1680 2564 1747 restituimus
2623 1686 2695 1746 et

592 1788 627 1815 “
671 1781 1059 1862 reducimus,
1111 1781 1594 1868 praefatumque
1649 1781 2016 1849 Dominum
2069 1780 2475 1849 Willelmum
2522 1781 2693 1849 Che-

586 1890 622 1920 “
666 1884 907 1965 selden,
947 1883 1296 1951 Rectorem
1340 1883 1755 1972 praedictum,
1803 1884 1880 1951 in
1928 1883 2126 1951 dictis
2172 1884 2432 1952 duabus
2483 1884 2692 1972 parti-

588 1994 625 2021 “
670 1985 794 2052 bus
846 1987 1250 2054 decimarum
1289 1987 1778 2075 praedictarum,
1811 2008 1930 2075 per
1975 1986 2193 2074 ipsum
2242 1993 2312 2053 et
2355 1987 2519 2054 alios
2553 1988 2695 2073 ejus

589 2094 625 2123 ‘⁸
670 2089 938 2156 nomine
992 2111 1112 2177 per
1162 2089 1459 2177 spatium
1506 2087 1758 2176 viginti
1808 2094 1958 2156 octo
2011 2110 2335 2155 annorum
2395 2090 2694 2177 proxime

584 2197 623 2228 “
668 2192 1157 2277 praeteritorum
1200 2196 1359 2258 ante
1402 2196 1670 2278 tempus
1729 2191 1931 2278 hujus
1984 2190 2129 2258 litis
2177 2198 2378 2259 motae
2428 2214 2693 2280 pereep-

590 2301 626 2327 “
673 2295 780 2375 tis,
831 2298 901 2359 et
943 2318 987 2359 a
1030 2293 1227 2360 dictis
1270 2292 1539 2360 Abbate
1601 2298 1671 2360 et
1734 2291 1760 2332 ¹
1782 2293 2138 2361 Conventu
2201 2295 2578 2373 subtractis,
2625 2300 2695 2362 et

590 2404 626 2431 “
673 2417 790 2482 per
831 2395 1048 2482 ipsum
1095 2395 1457 2462 Dominum
1506 2395 1914 2463 Willelmum
1960 2398 2313 2486 occupatis,
2352 2395 2378 2435 ²
2395 2398 2696 2465 condem-

592 2506 626 2532 “
672 2497 972 2564 nandum
1002 2498 1159 2579 fore,
1191 2504 1260 2565 et
1292 2496 1318 2538 ²
1338 2498 1857 2566 condemnamus
1888 2524 1905 2582 3
1950 2501 2296 2588 ipsumque
2328 2500 2692 2568 Dominum

590 2608 625 2636 “
672 2599 1079 2667 Willelmum
1107 2601 1195 2667 ad
1226 2600 1715 2669 restitutionem
1740 2602 2069 2669 dictarum
2092 2603 2372 2669 duarum
2403 2603 2689 2688 partium

591 2708 626 2738 “
672 2702 1093 2785 decimarum,
1132 2724 1252 2790 per
1294 2703 1515 2791 ipsum
1559 2704 1922 2772 Dominum
1955 2704 2363 2772 Willelmum
2409 2708 2480 2770 et
2525 2704 2692 2771 alios

593 2813 628 2841 “
673 2827 790 2872 suo
835 2806 1103 2873 nomine
1148 2827 1268 2893 per
1312 2810 1576 2895 tempus
1629 2806 2025 2894 praedictum
2085 2807 2578 2874 subtractarum
2623 2812 2693 2873 et

595 2915 628 2944 “
677 2914 1161 2995 occupatarum,
1212 2907 1407 2974 dictis
1449 2908 1708 2974 Abbati
1754 2912 1825 2975 et
1886 2907 2289 2991 Conventui,
2336 2914 2405 2976 et
2464 2932 2691 2978 eorum

592 3017 627 3046 “
673 3011 1090 3092 monasteriO,
1166 3009 1584 3092 faciendam3
1658 3011 1965 3098 ipsasque
2039 3011 2440 3079 decimarum
2531 3013 2695 3079 duas

591 3118 627 3148 “
673 3118 894 3202 partes
938 3113 1033 3180 sie
1076 3116 1387 3199 receptas,
1418 3113 1815 3194 subtractos,
1861 3119 1932 3180 et
1959 3119 2323 3201 occupatas,
2353 3114 2411 3181 si
2441 3118 2692 3195 extent,

589 3223 627 3251 “
671 3213 699 3252 ⁸
716 3215 1015 3305 alioquin
1062 3237 1296 3283 verum
1339 3215 1634 3283 valorem
1688 3236 1987 3283 annuum
2045 3217 2419 3297 earundem,
2468 3238 2695 3283 secun-

588 3325 625 3355 “
670 3319 832 3386 dum
877 3318 1379 3406 inquisitionem
1407 3317 1781 3406 legitimam
1825 3318 1901 3385 in
1930 3341 2011 3385 ea
2053 3324 2244 3407 parte
2286 3319 2691 3406 capiendam,

589 3427 627 3457 “
675 3422 1065 3504 taxandum,
1097 3419 1343 3487 eisdem
1375 3419 1633 3489 Abbati
1664 3424 1736 3487 et
1767 3419 2149 3488 conventui
2182 3421 2491 3488 canonice
2521 3441 2694 3487 com-

586 3532 621 3561 “
669 3524 1049 3613 pellendum
1094 3523 1252 3604 fore,
1299 3528 1371 3590 et
1412 3523 1509 3590 sio
1553 3523 2048 3611 compellimus3
2106 3545 2366 3591 necnon
2409 3521 2692 3590 eundem

585 3635 622 3664 “
670 3627 1036 3695 Dominum
1061 3626 1475 3694 willelmum
1504 3627 1885 3707 Cheselden,
1917 3627 2262 3695 Rectorem
2285 3626 2694 3715 praedictum,

585 3738 618 3766 ‘⁴
668 3730 739 3795 in
769 3730 1074 3818 expensis
1106 3728 1444 3817 legitimis,
1477 3752 1597 3817 per
1638 3735 1896 3818 partem
1933 3730 2258 3797 dictorum
2290 3729 2580 3799 Abbatis
2624 3734 2695 3795 et

585 3840 621 3867 ‘⁴
668 3832 1055 3899 Conventus
1100 3832 1175 3898 in
1218 3832 1344 3899 hac
1401 3837 1594 3920 parte
1654 3832 1866 3914 factis,
1927 3833 2102 3922 parti
2162 3832 2520 3901 eorundem
2564 3832 2692 3899 sol·

585 3943 620 3970 “
672 3935 904 4002 vendis
949 3933 974 3974 ²
991 3935 1570 4002 condemnandum
1598 3936 1756 4019 fore,
1790 3940 1863 4004 et
1892 3933 1919 3976 ²
1939 3935 2470 4017 condemnamuS,
2501 3940 2693 4001 taxa-

584 4045 620 4073 “
666 4038 849 4105 tione
897 4039 1254 4105 earundem
1314 4060 1750 4127 expensarum
1803 4037 2012 4118 nobis,
2075 4043 2197 4106 aut
2247 4037 2444 4104 alteri
2495 4038 2694 4124 hujus

583 4146 621 4177 “
669 4139 889 4208 Gurioe
933 4140 1350 4222 Praesidenti‚
1389 4147 1745 4208 reservata.
1836 4140 1917 4206 In
1954 4161 2235 4226 quorum
2281 4138 2579 4205 omnium
2624 4144 2695 4205 et

585 4250 620 4279 “
664 4243 1072 4330 singulorum
1123 4244 1324 4312 fidem
1369 4247 1439 4311 et
1482 4243 1940 4311 testimonium
2001 4244 2508 4331 praemissorum,
2573 4243 2694 4309 has

1392 4429 1579 4436 —.----
2449 4425 2688 4434 ———

646 4525 662 4560 ¹
693 4524 962 4581 conventui
985 4526 1040 4577 in
1062 4527 1176 4578 MS.
1695 4524 1980 4577 Willelmum
1996 4524 2066 4577 ad
2084 4528 2438 4578 restitutionem
2452 4528 2692 4580 dictarum

644 4604 666 4637 ²
689 4602 1128 4673 condempnandum
1174 4641 1186 4655 .
1223 4641 1237 4655 .
1272 4642 1286 4656 .
1324 4640 1335 4654 .
1371 4641 1384 4656 .
1423 4641 1435 4655 .
1470 4622 1583 4655 con-
1683 4608 1888 4654 anunm
1905 4606 2126 4670 partium
2148 4600 2495 4670 decimarum,’'
2518 4624 2602 4661 are
2617 4625 2694 4662 re-

574 4686 885 4753 mmam
905 4684 959 4736 in
981 4684 1095 4737 ns.
1682 4685 1862 4749 pentes
1893 4684 2014 4736 here
2035 4683 2091 4735 in
2111 4684 2199 4735 the
2220 4688 2330 4737 text
2361 4686 2421 4737 of
2446 4686 2532 4739 the
2564 4689 2694 4756 ms,

644 4765 668 4798 ³
687 4767 799 4819 The
814 4766 978 4817 word·
999 4768 1032 4795 “
1045 4766 1296 4830 ipsamque
1317 4763 1583 4861 Dos-infun·
1683 4762 1943 4831 evidently
1967 4765 2038 4832 by
2058 4764 2427 4819 inadvertenec.
