3467 5717
824 795 955 859 342
1479 800 1801 854 ANNALES
1845 801 2271 854 uonAsTsRn

491 996 628 1047 AD.
657 999 798 1044 ¹⁴33·
827 1004 862 1032 “
908 1002 1023 1062 tur
1066 996 1299 1073 aliena,
1361 992 1478 1080 qui
1544 991 1995 1080 supradictam
2061 990 2427 1058 clausulam
2494 996 2739 1082 apponi
2784 1019 2934 1085 pro-

828 1107 865 1136 “
909 1102 1101 1164 curat
1143 1097 1219 1162 in
1278 1095 1461 1163 omni
1519 1094 1930 1160 concessione
1977 1092 2396 1161 decimarum.
2519 1096 2733 1177 Patet,
2780 1099 2940 1186 quia

830 1208 866 1236 “
914 1202 1274 1289 Episcopus
1336 1197 1578 1264 nedum
1645 1218 1838 1275 unus,
1890 1196 2004 1263 sed
2052 1218 2279 1265 omnes
2328 1198 2422 1264 sic
2468 1200 2735 1287 propria
2783 1202 2941 1286 jura

830 1314 868 1341 “
915 1303 1300 1383 defendunt,
1356 1301 1534 1388 quod
1610 1296 2270 1388 quantulumcunque
2332 1301 2589 1367 modice
2657 1308 2939 1369 conatur

832 1416 867 1443 “
917 1408 1066 1492 quis
1110 1405 1182 1469 in
1212 1404 1517 1470 laesuram
1554 1402 1730 1491 ipsos
1777 1419 2064 1489 tangere,
2111 1401 2473 1469 statissime
2515 1404 2589 1468 in
2634 1406 2939 1471 resisten-

832 1517 869 1546 “
913 1510 1082 1576 tiam
1125 1505 1598 1593 fumigabunt3
1640 1504 1761 1570 ubi
1826 1503 1886 1570 si
1948 1507 2319 1590 tangantur
2375 1526 2494 1571 seu
2559 1508 2941 1574 tundantur

833 1618 870 1647 “
916 1616 1501 1698 quantumcunque
1529 1606 1788 1673 assidue
1832 1606 1920 1673 ad
1962 1608 2487 1673 conservandum
2522 1608 2681 1694 jura
2708 1610 2942 1693 aliena,

833 1722 870 1749 “
915 1714 1023 1779 vel
1080 1710 1361 1778 stabunt
1426 1707 1696 1797 penitus
1768 1708 1912 1774 sine
1983 1709 2168 1774 fumo
2234 1709 2649 1791 defensionis,
2695 1711 2823 1792 vel,
2884 1713 2943 1777 si

829 1824 863 1851 “
907 1814 1234 1901 fumigare
1300 1811 1645 1900 coeperint,
1688 1811 1765 1876 in
1818 1811 2123 1878 laesuram
2184 1810 2408 1898 potius
2468 1835 2666 1900 quam
2710 1813 2782 1878 in
2829 1815 2941 1880 de·

834 1923 869 1952 “
913 1916 1163 1982 sensam
1206 1914 1603 1981 inflammari
1646 1913 1880 1982 solent.
1970 1915 2167 2002 Erg0‚

922 2025 958 2056 “
991 2019 1250 2101 Quinta
1290 2023 1393 2084 est
1437 2017 1580 2085 haec
1599 2016 2139 2100 ;—ille1·videtur
2189 2039 2380 2106 agere
2423 2024 2655 2085 contra
2696 2021 2942 2086 consci-

830 2129 869 2158 “
915 2122 1184 2203 entiam,
1232 2126 1302 2187 et
1352 2141 1438 2185 ex
1484 2119 1909 2206 consequenti
1974 2125 2229 2186 rectum
2288 2121 2566 2187 rationis
2610 2121 2942 2190 dictamen

836 2232 872 2260 “
916 2225 1176 2290 flectere
1241 2223 1314 2288 in
1382 2221 1744 2309 obliquum,
1791 2222 1908 2308 qui
1981 2222 2243 2289 laborat
2304 2227 2385 2289 ut
2443 2224 2513 2288 id
2582 2226 2759 2312 quod
2819 2247 2941 2313 pro

833 2333 871 2363 “
916 2327 1201 2393 aliorum
1262 2325 1487 2413 quiete
1515 2322 1985 2403 introducitur,
2033 2324 2249 2392 diram
2294 2325 2511 2407 nimis,
2558 2327 2631 2393 in
2682 2334 2939 2415 pertur-

835 2436 870 2463 “
916 2429 1252 2495 bationem
1329 2426 1591 2513 quietis,
1635 2426 2249 2514 interpretationem
2314 2429 2630 2515 patiatur.
2745 2431 2943 2498 Patet

835 2535 872 2564 “
916 2530 988 2595 id
1034 2528 1416 2595 ¹Pandecta
1458 2528 1540 2594 de
1584 2527 1980 2616 Legibus—
2003 2528 2218 2617 ‘Lege
2261 2530 2476 2596 nulla’
2506 2569 2591 2585 ο-
2614 2531 2791 2598 2Sed
2850 2534 2944 2599 sic

834 2641 871 2669 “
914 2633 1177 2698 laborat
1205 2630 1444 2717 praesul
1488 2631 1719 2710 omnis,
1751 2632 1869 2718 qui
1914 2635 2226 2718 procurat
2268 2632 2645 2718 hujusmodi
2690 2635 2944 2702 clausu-

831 2741 868 2770 “
914 2734 1046 2800 lam
1093 2733 1238 2799 fieri
1282 2732 1810 2800 annullationem
1852 2733 2086 2801 alienae
2128 2734 2473 2801 libertatis.
2566 2736 2757 2824 Ergo,

925 2843 960 2872 “
982 2836 1190 2903 Sexta
1237 2839 1340 2901 est
1384 2835 1545 2917 haec,
1577 2839 1648 2902 et
1690 2836 1933 2902 ultima
1958 2836 2175 2917 3—ille
2206 2837 2477 2903 videtur
2514 2845 2743 2905 contra
2787 2863 2943 2906 con-

836 2945 870 2974 “
916 2938 1259 3005 scientiam
1304 2959 1515 3026 agere,
1572 2942 1644 3005 et
1702 2960 1788 3005 ex
1831 2939 2259 3025 consequenti
2306 2938 2635 3006 offendere
2710 2941 2939 3030 legem,

833 3048 870 3077 “
915 3042 1342 3129 graviterque
1371 3042 1446 3108 in
1477 3042 1696 3109 Deum
1725 3062 2009 3128 peccare,
2057 3041 2194 3128 qui,
2223 3063 2359 3107 non
2388 3047 2737 3109 contentus
2767 3045 2940 3110 limi-

835 3153 871 3182 “
915 3146 1080 3212 tatis
1123 3145 1252 3210 sibi
1296 3144 1640 3223 limitibus,
1671 3144 1840 3209 fines
1891 3147 2169 3210 conatur
2214 3142 2465 3211 alienos
2510 3145 2839 3228 invadere,
2870 3148 2946 3213 in

839 3255 875 3283 “
925 3247 1553 3335 ampliationemque
1593 3244 2081 3332 jurisdictionis
2141 3246 2425 3333 propriae
2491 3269 2627 3314 non
2678 3255 2945 3316 veretur

838 3358 876 3386 ‘²
919 3352 993 3416 in
1047 3355 1322 3416 externa
1364 3347 1858 3436 praecipitanter
1900 3347 2181 3412 nimium
2226 3348 2538 3436 prosilire.
2633 3351 2827 3417 Patet
2870 3353 2943 3418 id

832 3459 867 3488 “
918 3457 1108 3518 extra
1156 3452 1239 3516 de
1283 3450 1656 3518 excessibus
1686 3447 2122 3515 Praelatorum
2151 3449 2227 3514 in
2259 3449 2712 3532 Clementinis,
2743 3453 2941 3541 Capi-

836 3561 874 3589 “
917 3554 1171 3619 tulo-³
1191 3553 1531 3639 Frequens
1553 3552 1607 3636 ;'’
1634 3551 1664 3591 ⁹
1684 3550 1802 3619 sed
1830 3551 1926 3617 sic
1952 3550 2266 3618 invadere
2294 3557 2365 3619 et
2407 3554 2705 3640 prosilire
2748 3577 2945 3622 cona·

835 3661 874 3690 “
918 3660 1032 3721 tur
1075 3655 1314 3742 praesul
1364 3656 1594 3735 omnis,
1639 3654 1755 3742 qui
1822 3653 2182 3720 clausulam
2225 3654 2396 3721 hanc
2455 3657 2728 3744 impiam
2795 3681 2943 3746 pro·

838 3764 874 3793 “
921 3762 1110 3824 curat
1154 3757 1354 3823 inseri
1419 3758 1493 3823 in
1555 3755 2035 3825 Certificatorio
2098 3757 2375 3823 Domini
2419 3758 2938 3828 Cantuariensis.

836 3866 872 3896 ιι
920 3861 1117 3948 Ergo,

929 3971 961 4000 ‘⁶
993 3963 1194 4032 Patet
1229 3964 1440 4053 igitur
1485 3963 1650 4030 satis
1685 3961 2086 4030 sufficienter
2125 3983 2211 4029 ex
2250 3963 2378 4030 hiis
2421 3965 2665 4052 paucis,
2712 3988 2943 4052 quam-

837 4077 875 4104 “
918 4068 1039 4148 vis,
1075 4068 1163 4136 ad
1192 4067 1605 4156 probandum
1633 4066 2043 4155 propositum
2090 4065 2329 4133 adduci
2358 4073 2623 4155 pownt
2651 4071 2943 4136 rationes

840 4180 874 4208 “
918 4173 1087 4252 alise,
1133 4176 1203 4238 et
1250 4169 1441 4258 quasi
1485 4169 1773 4238 infinitae
1832 4169 2071 4258 plures,
2118 4191 2318 4257 quam
2347 4170 2593 4239 vitiosa
2635 4195 2713 4240 ac
2757 4175 2939 4239 viru-

840 4279 877 4307 “
922 4274 1104 4339 lenta
1163 4274 1256 4340 sit
1314 4273 1695 4361 supradicta
1761 4272 2075 4358 clausula,
2121 4295 2452 4360 quamque
2511 4281 2743 4343 contra
2786 4297 2941 4343 con-

839 4381 877 4411 “
922 4375 1232 4442 scientias
1255 4376 1594 4443 fautorum
1625 4375 1938 4460 omnium,
1968 4396 2046 4442 ac
2089 4397 2394 4464 expresse
2422 4383 2656 4444 contra
2716 4379 2941 4445 omnia

838 4484 877 4515 “
911 4478 1084 4566 jura.
