3467 5717
1337 789 1583 840 suom
1625 789 1902 842 Anmt
2545 778 2672 843 239

567 984 604 1015 “
644 982 715 1045 et
741 976 1135 1065 perturbari,
1179 974 1532 1043 mandavit
1574 979 1644 1042 et
1672 974 1848 1056 fecit,
1894 996 2011 1042 seu
2036 974 2417 1062 hujusmodi
2444 975 2677 1043 moles·
2699 991 3012 1053 mmm.

568 1086 603 1118 “
648 1080 989 1159 tationem,
1049 1078 1620 1165 inquietationem,
1682 1078 2268 1166 perturbationem,
2314 1078 2676 1166 perceptio·

568 1190 603 1220 “
648 1204 820 1265 nem,
880 1181 1418 1262 subtractionem,
1494 1181 2004 1268 occupationem,
2064 1203 2143 1247 ac
2200 1181 2676 1269 spoliationem,

569 1294 601 1322 “
645 1289 718 1351 et
761 1278 1236 1371 impedimenta
1263 1283 1594 1371 praedicte,
1623 1283 1717 1350 sic
1767 1283 1998 1350 illicite
2041 1283 2231 1362 facta,
2262 1290 2413 1350 rata
2439 1283 2678 1350 habuit

567 1397 601 1425 “
646 1392 718 1454 et
760 1387 980 1465 babet,
1024 1387 1274 1474 pariter
1317 1391 1387 1452 et
1435 1391 1715 1472 accepta,
1765 1386 1838 1450 in
1891 1386 2222 1453 dictorum
2265 1386 2552 1453 Abbatis
2610 1391 2679 1452 et

572 1495 608 1526 “
656 1489 1060 1567 Conventus,
1105 1493 1175 1555 et
1225 1498 1448 1555 eorum
1506 1488 1893 1554 monasterii
1953 1487 1978 1528 ¹
1994 1488 2314 1575 praedicti‚
2368 1488 2680 1575 praejudi-

575 1599 608 1629 “
654 1592 830 1658 cium
859 1595 929 1657 et
955 1613 1332 1679 gravamen.
1425 1590 1591 1671 Quae
1638 1591 1862 1656 omnia
1905 1594 1975 1656 et
2022 1590 2284 1678 singula
2311 1590 2581 1657 fuerunt
2611 1596 2680 1657 et

574 1700 608 1731 “
653 1699 813 1760 sunt
864 1715 1035 1775 vera,
1088 1693 1371 1780 publica,
1420 1693 1682 1759 notorie
1732 1692 2111 1771 manifesta,
2169 1698 2241 1759 et
2287 1694 2557 1775 famosa,
2605 1714 2681 1759 ac

573 1803 611 1833 “
653 1818 772 1884 per
800 1801 1058 1884 partem
1090 1795 1252 1861 dicti
1282 1794 1557 1861 Domini
1580 1794 1903 1862 Willelmi
1925 1794 2350 1877 Cheseldene,
2377 1795 2679 1862 Rectoris

574 1907 609 1936 “
653 1899 982 1987 praetensi,
1026 1897 1103 1963 in
1160 1898 1521 1985 praesentia
1577 1897 1790 1985 partis
1850 1898 2180 1964 dictorum
2252 1898 2539 1964 Abbatis
2612 1904 2684 1965 et

570 2006 605 2038 “
653 2000 1058 2081 Conventus,
1095 2004 1238 2066 tam
1283 2000 1357 2065 in
1378 1999 1632 2085 judicio
1681 2021 1885 2085 quam
1921 2006 2131 2081 extra,
2167 2000 2408 2088 saepius
2438 2001 2683 2067 confes·

572 2110 608 2141 “
654 2111 817 2184 sata,
872 2106 943 2168 et
989 2122 1185 2189 super
1228 2101 1477 2168 eisdem
1528 2101 1601 2168 in
1662 2101 1845 2168 dicta
1894 2102 2208 2189 parochia
2252 2103 2541 2170 ecclesiae
2601 2102 2684 2169 de

573 2211 612 2243 “
656 2204 975 2292 Horpolle
1025 2204 1376 2291 praedictae,
1407 2203 1688 2291 aliisque
1733 2204 1893 2271 locis
1947 2204 2250 2291 publicis,
2291 2205 2685 2272 laborarunt

580 2314 613 2345 “
660 2314 728 2375 et
774 2307 1086 2374 laborant
1127 2305 1391 2394 publica
1438 2328 1573 2373 vox
1613 2310 1682 2372 et
1731 2306 1928 2372 fama.
2023 2307 2241 2389 Quare
2289 2309 2584 2395 probatis
2611 2309 2684 2372 in

576 2418 610 2446 ‘⁴
656 2410 778 2475 hac
807 2414 997 2496 parte
1035 2408 1409 2495 probandis,
1438 2429 1556 2474 seu
1600 2408 1840 2495 quavis
1885 2409 2020 2475 alia
2061 2411 2174 2475 via
2204 2410 2377 2497 juris
2408 2411 2686 2478 detectis

578 2518 614 2549 “
658 2515 778 2578 aut
837 2510 1187 2577 declaratis
1245 2511 1396 2588 hiis,
1444 2510 1556 2576 vel
1604 2532 1832 2577 eorum
1875 2511 2118 2599 aliquo,
2158 2534 2308 2599 quae
2350 2513 2460 2579 vel
2507 2514 2683 2600 quod

579 2618 617 2650 “
662 2613 953 2680 sufficere
1014 2613 1302 2680 debeant
1344 2616 1466 2678 aut
1495 2611 1734 2678 debeat
1786 2613 1860 2679 in
1907 2613 2031 2681 hac
2059 2622 2264 2701 parte,
2310 2615 2488 2702 petit
2531 2636 2684 2702 pars

580 2725 613 2753 ‘⁴
660 2716 983 2783 dictorum
1041 2714 1328 2783 Abbatis
1379 2720 1450 2781 et
1521 2715 1909 2782 Oonventus
1968 2717 2178 2783 dictas
2238 2717 2403 2785 duas
2461 2725 2683 2808 partes

579 2826 615 2857 “
659 2818 1058 2886 decimarum
1087 2839 1622 2905 quarumcunque
1651 2818 1725 2883 in
1755 2823 1825 2885 et
1856 2819 1938 2886 de
1967 2819 2146 2887 dicto
2169 2820 2516 2904 domini00‚
2539 2822 2682 2889 sive

584 2929 617 2959 “
664 2921 974 3003 dominio,
1006 2921 1305 3010 superius
1334 2920 1683 3007 descripto,
1713 2942 1791 2986 ac
1821 2922 2085 3009 campis,
2116 2923 2347 3009 pratis,
2369 2924 2583 3006 terris,
2615 2930 2685 2991 et

585 3030 619 3062 “
663 3025 836 3105 locis,
866 3023 1368 3112 quibuscunque
1402 3022 1609 3110 ipsius
1640 3022 1972 3106 dominici,
2003 3023 2145 3090 sive
2177 3025 2472 3104 dominii,
2509 3025 2686 3092 infra

583 3137 618 3167 “
664 3129 910 3196 dictam
938 3128 1316 3216 parochiam
1368 3127 1566 3194 dictae
1613 3126 1899 3194 ecclesiae
1953 3128 2035 3193 de
2066 3127 2385 3215 Horpolle
2439 3131 2686 3196 consti-

581 3237 625 3271 “
669 3232 852 3315 tutis,
898 3231 1444 3318 qualitercunque
1487 3228 1952 3316 provenienoes
1982 3234 2052 3295 et
2093 3236 2550 3317 proventuras,
2598 3232 2686 3298 ad

582 3342 620 3371 “
665 3333 876 3400 dictos
896 3331 1234 3399 Abbatem
1264 3336 1336 3398 et
1365 3331 1807 3412 Conventum‚
1829 3350 2186 3419 eorumque
2215 3334 2684 3400 monasterium

584 3442 622 3475 “
664 3436 1075 3523 praedictum,
1105 3434 1517 3523 pertinuisse,
1562 3434 1915 3522 pertinere,
1949 3441 2018 3500 et
2047 3435 2377 3522 pertinere
2430 3435 2685 3519 debere,

584 3545 620 3575 “
666 3560 741 3605 ac
770 3559 892 3625 pro
927 3538 1080 3625 jure
1124 3542 1195 3604 et
1237 3536 1441 3604 titulo
1471 3537 1828 3603 eorundem
1873 3535 2157 3603 Abbatis
2187 3541 2258 3603 et
2300 3537 2687 3606 Conventus

580 3648 616 3676 “
661 3640 867 3706 libere
924 3639 1328 3728 percipiendi
1373 3645 1445 3705 et
1494 3638 1786 3706 habendi
1834 3638 2208 3726 hujusmodi
2258 3641 2421 3707 duas
2462 3645 2687 3729 partes

584 3749 621 3779 ‘⁸
669 3742 1069 3809 decimarum
1120 3741 1606 3829 praedictarum,
1643 3741 1796 3829 jure
1855 3746 1924 3807 et
1981 3743 2246 3808 nomine
2306 3745 2687 3810 monasterii

584 3852 620 3881 “
666 3843 985 3932 praedioti,
1046 3842 1338 3911 finaliter
1408 3849 1477 3911 et
1542 3842 1896 3910 diffinitive
1952 3865 2071 3933 per
2129 3866 2266 3927 nos,
2324 3845 2688 3912 Dominum

584 3955 619 3984 “
665 3947 712 4014 J
713 3946 971 4015 udicem
1023 3947 1430 4035 praedictum,
1481 3947 1902 4034 pronunciari
1951 3946 2306 4027 decretum,
2352 3953 2424 4014 et
2475 3947 2689 4015 decla-

587 4056 621 4086 “
666 4050 842 4131 rari3
900 4049 1239 4135 dictosque
1282 4046 1618 4115 Abbatem
1679 4052 1751 4112 et
1810 4047 2234 4114 Conventum
2295 4046 2383 4113 ad
2449 4049 2561 4134 jus
2620 4052 2690 4115 et

586 4160 619 4188 “
665 4151 1136 4239 possessionem
1164 4171 1285 4217 sua
1312 4148 1648 4238 praemissa
1676 4149 2139 4229 restituendos,
2172 4149 2595 4230 reducendos,
2620 4155 2691 4216 et

585 4262 624 4290 “
668 4253 1229 4341 redintegrandae,
1277 4252 1418 4318 fore
1466 4252 1820 4331 decretum,
1854 4256 1923 4317 et
1959 4271 2108 4317 cum
2140 4250 2378 4317 effectu
2423 4250 2692 4319 realiter

585 4365 621 4395 “
666 4359 947 4438 restitui,
1007 4358 1251 4439 reduci,
1297 4361 1369 4423 et
1411 4356 1890 4443 redintegrari3
1932 4355 2414 4443 praefatumque
2458 4356 2688 4424 Domi·

585 4468 623 4498 “
665 4482 827 4527 num
857 4460 1268 4529 Willelmum
1296 4457 1677 4537 Oheselden,
1711 4458 2058 4524 Rectorem
2087 4463 2488 4545 praetensum
2516 4481 2685 4546 pree-

1388 4712 1404 4746 ¹
1423 4711 1712 4779 predictum
1735 4712 1789 4763 in
1809 4713 1921 4765 MS.
