3467 5717
1365 830 1612 881 simon
1657 829 1929 880 Anum.
2566 807 2699 880 217

592 1026 630 1059 “
671 1021 971 1099 fratrum,
985 1019 1188 1106 juxta
1216 1008 1542 1084 summam
1573 1014 1926 1083 solutionis
1954 1014 2116 1081 alias
2146 1035 2264 1101 per
2284 1012 2424 1100 jam
2442 1012 2697 1078 dictum
2724 1012 3038 1071 A·1>·142⁵‚⁶·

592 1130 631 1161 “
676 1124 967 1189 Priorem
1013 1120 1183 1188 solvi
1234 1121 1539 1201 solitam;
1598 1119 2003 1204 tollaturque
2054 1118 2180 1182 hoc
2226 1116 2419 1182 modo
2471 1120 2704 1181 contra

591 1233 630 1263 “
676 1225 969 1291 Priorem
1012 1222 1558 1290 murmurationis
1603 1221 1875 1299 occasio,
1905 1220 1958 1286 si
1992 1218 2330 1287 interdum
2373 1215 2705 1282 remissius

595 1335 633 1366 “
678 1350 874 1416 quam
927 1327 1117 1393 decet
1165 1326 1289 1392 fiat
1338 1324 1581 1391 solutio
1629 1324 1713 1391 de
1757 1320 2091 1410 stipendio
2134 1319 2527 1407 supradicto,

599 1564 700 1632 De
742 1585 940 1631 onere
984 1560 1275 1642 Pontoris,
1307 1568 1367 1629 et
1395 1560 1475 1629 de
1503 1560 1747 1647 forma
1777 1556 2711 1647 madenia—Capitulum

1486 1662 1779 1731 Sextum.

689 1800 726 1829 “
749 1793 1089 1872 Praeterea,
1143 1812 1293 1856 cum
1352 1789 1441 1855 ad
1483 1790 1699 1856 instar
1741 1788 1766 1826 ¹
1790 1789 1953 1856 idoli
1996 1789 2175 1876 quod
2219 1792 2247 1830 ²
2269 1810 2341 1855 os
2384 1787 2588 1854 habet
2640 1789 2711 1853 et

599 1900 637 1932 “
680 1916 812 1959 non
873 1893 1187 1980 loquitur,
1247 1892 1361 1957 ille
1422 1892 1509 1957 ad
1566 1891 1842 1957 honoris
1900 1891 2185 1957 officium
2237 1891 2536 1979 erigitur,
2592 1890 2709 1976 qui

600 2005 634 2033 “
676 2018 907 2084 gerens
935 2017 1177 2062 nomen
1220 1995 1569 2083 postponit
1612 1994 1914 2071 officium,
1949 1993 2340 2079 inutilisque
2383 1993 2457 2058 in
2501 1991 2712 2058 oneri·

601 2105 636 2134 “
681 2097 805 2163 bus
865 2098 1213 2164 invenitur
1237 2117 1483 2178 ;—nos,
1537 2095 1919 2182 hujusmodi
1979 2092 2006 2133 ³
2020 2094 2395 2161 idolatriam
2458 2094 2540 2160 de
2591 2094 2715 2159 hac

604 2206 642 2235 “
686 2199 958 2266 ecclesia
998 2200 1227 2265 tollere
1255 2198 1612 2285 cupientes,
1653 2199 2032 2264 ordinamus
2077 2202 2144 2263 et
2176 2198 2607 2286 praecipimus,
2637 2200 2718 2261 ut

608 2304 647 2337 “
693 2301 899 2382 Prior,
947 2301 1065 2386 qui
1118 2322 1236 2388 pro
1296 2304 1594 2387 tempore
1645 2298 1866 2379 fuerit,
1913 2320 2079 2365 onus
2122 2298 2509 2364 incumbens
2567 2318 2716 2363 cum

606 2411 641 2439 “
684 2402 935 2469 honore
1010 2401 1280 2479 deferat,
1342 2400 1822 2487 diligenterque
1882 2400 2192 2467 advertat
2265 2400 2353 2465 ad
2427 2400 2719 2487 regimen

603 2509 643 2541 ‘⁴
683 2504 964 2569 flatrum
1017 2503 1089 2569 in
1142 2503 1446 2583 claustro,
1515 2506 1845 2588 quatenus
1886 2502 1983 2567 hii
2034 2502 2282 2569 ibidem
2329 2500 2721 2589 regulariter

607 2613 645 2643 “
689 2604 1328 2691 disciplinariterque
1411 2608 1898 2685 conversentur,
1973 2608 2043 2669 et
2129 2605 2405 2671 honesto
2478 2601 2673 2669 modo
2701 2626 2720 2682 ;

611 2714 650 2745 “
695 2728 932 2773 usurus
986 2727 1259 2793 semper,
1293 2727 1442 2772 cum
1488 2727 1748 2772 necesse
1800 2706 2019 2785 fuerit,
2066 2728 2216 2771 cum
2270 2704 2719 2773 moderamine

612 2817 646 2847 “
692 2813 935 2886 tamen,
981 2807 1403 2874 correctionis
1452 2806 1679 2886 ferula,
1722 2829 1810 2873 ne
1857 2828 1972 2894 per
2019 2807 2160 2894 ejus
2204 2807 2229 2846 ⁴
2245 2806 2719 2894 negligentiam

611 2916 647 2946 “
692 2915 919 2997 pereat
968 2909 1174 2975 stater
1230 2909 1781 2996 indisciplinatus,
1824 2913 1895 2975 et
1952 2909 2239 2987 ecclesia,
2288 2909 2465 2995 quod
2525 2908 2723 2987 absit,

614 3019 651 3049 ‘⁴
694 3012 1044 3099 elangueat
1088 3011 1161 3075 in
1207 3031 1327 3076 sua
1367 3010 1557 3076 fama.

706 3118 741 3147 “
769 3112 1195 3197 Praecipimus
1223 3112 1508 3199 insuper,
1536 3116 1616 3178 ut
1659 3113 1832 3178 sicut
1876 3112 2136 3179 oculum
2181 3111 2491 3177 dextrum
2523 3111 2729 3177 direc-

614 3224 650 3252 “
696 3219 838 3280 tum
871 3217 1140 3279 tenetur
1168 3212 1408 3279 habere
1438 3235 1665 3279 versus
1708 3214 2086 3292 claustrum,
2116 3235 2200 3279 ne
2230 3212 2731 3300 resspiritualis

618 3320 655 3354 “
701 3316 1027 3402 depereat,
1069 3315 1170 3380 ita
1213 3320 1282 3381 et
1325 3315 1529 3380 alium
1578 3315 1923 3380 sinistrum
1954 3321 2254 3402 apertum
2298 3314 2545 3381 habeat
2588 3338 2732 3379 ver-

618 3426 655 3455 “
699 3440 812 3484 sus
877 3416 1222 3499 mundum,
1267 3439 1351 3483 ne
1395 3439 1499 3483 res
1551 3417 1938 3505 temporalis
1997 3416 2279 3500 deficiat,
2340 3439 2733 3504 omnemque

619 3526 654 3557 “
699 3542 922 3586 curam
955 3517 1265 3604 ejusdem,
1298 3519 1530 3585 saltem
1578 3519 1754 3584 infra
1797 3519 2193 3601 Prioratum,
2224 3520 2296 3585 in
2344 3521 2733 3608 receptione,

621 3628 656 3658 “
701 3620 1119 3699 resolutione,
1148 3625 1218 3686 et
1264 3620 1717 3707 dispositione,
1754 3620 2037 3704 habeat3
2084 3628 2517 3709 exerceatque
2563 3623 2733 3689 illud

621 3732 660 3762 “
705 3723 1044 3811 negotium
1108 3723 1271 3789 adeo
1317 3722 1690 3811 diligenter,
1736 3729 1815 3790 ut
1880 3728 2239 3811 proventus
2282 3725 2572 3793 ecclesiae
2621 3748 2736 3812 pro

623 3830 661 3862 “
707 3825 962 3890 viribus
1007 3846 1141 3890 non
1189 3824 1589 3903 decrescant,
1633 3825 1746 3891 sed
1792 3826 2017 3913 potius
2060 3831 2488 3915 augmentum
2535 3827 2739 3892 susci-

622 3934 659 3963 “
705 3926 933 4013 piant3
997 3925 1251 4011 fiatque
1325 3947 1443 4013 per
1505 3948 1657 3991 eum
1725 3926 1970 3993 debitis
2033 3928 2445 4015 temporibus
2512 3928 2741 3995 debita

623 4033 660 4063 “
705 4026 1045 4113 regiminis
1088 4025 1342 4112 politia,
1390 4048 1475 4091 ne
1520 4026 1591 4090 in
1637 4026 1860 4113 aliquo
1905 4028 1931 4064 ⁵
1953 4028 2741 4127 negligens-inveniatur,

628 4134 666 4164 “
711 4132 831 4193 aut
903 4126 1170 4192 inutilis
1245 4128 1318 4191 in
1395 4149 1474 4193 ea
1539 4149 1691 4215 quae
1753 4126 1781 4166 ⁰
1801 4128 2311 4194 committuntur
2374 4129 2503 4195 sibi
2570 4152 2741 4196 cura.

629 4236 669 4268 “
715 4229 979 4295 Habeat
1022 4233 1249 4295 tamen
1314 4230 1437 4294 sub
1499 4251 1569 4295 se
1615 4228 2045 4298 Cellerarium
2105 4230 2180 4295 in
2237 4231 2580 4311 auxilium,
2629 4232 2744 4319 qui

697 4492 714 4524 ¹
732 4491 868 4556 ydoli
888 4491 942 4542 in
963 4490 1079 4543 MS.
1687 4488 1698 4631 Ι
1803 4494 1825 4523 ⁸
1846 4490 2084 4559 necliqem
2104 4492 2159 4543 in
2180 4492 2295 4544 MS.

698 4572 721 4605 ²
742 4573 803 4622 In
826 4571 1045 4623 allusion
1066 4579 1123 4622 to
1145 4568 1315 4621 Psabn
1339 4586 1456 4622 cxv·
1483 4576 1530 4622 5.
1804 4571 1827 4604 ⁸
1849 4570 1935 4621 Sic
1972 4570 2026 4620 in
2066 4571 2201 4634 MS„
2244 4570 2491 4638 probably
2513 4587 2580 4624 an
2611 4589 2750 4625 error

697 4650 720 4683 ⁸
737 4648 1029 4715 ydolatriam
1051 4650 1106 4701 in
1128 4651 1243 4703 MS.
1735 4649 1817 4701 for
1837 4650 2159 4704 committitur.

705 4731 724 4762 ⁴
743 4729 1080 4797 noctiqemiam
1101 4730 1157 4782 in
1179 4729 1292 4787 MS·
