3467 5717
769 843 900 907 420
1552 854 1909 905 APPENDIX
1958 840 2075 927 (c).

766 1039 1084 1107 columnis
1143 1039 1522 1105 scribuntur
1579 1040 1873 1106 exterius
1918 1037 2210 1126 insignia
2269 1036 2620 1118 Passionis,
2664 1036 2871 1102 versi-

763 1143 888 1208 bus
932 1142 1486 1228 subsequentibus
1513 1166 1618 1207 :—

858 1251 894 1280 “
938 1245 1193 1325 Vincla,
1269 1244 1547 1332 flagella,
1624 1244 1842 1322 minae,
1922 1244 2180 1330 probra,
2254 1246 2468 1329 sputa,
2545 1242 2867 1319 columna,

1037 1354 1071 1382 “
1114 1345 1140 1386 ¹
1153 1347 1502 1433 spinaeque,
2391 1371 2396 1376 ·

858 1455 899 1486 “
942 1448 1236 1530 DerisuS,
1282 1448 1559 1535 colaphi,
1607 1448 1905 1527 nudatio,
1951 1446 2197 1525 lancea,
2242 1447 2430 1525 clavi,

858 1559 894 1586 “
940 1550 1107 1618 Cum
1156 1551 1443 1630 calamis,
1491 1550 1655 1629 felle,
1703 1571 1884 1628 cruX,
1930 1549 2078 1614 laus
2122 1548 2253 1614 fuit
2298 1548 2434 1613 ista
2475 1546 2714 1614 fidel?

857 1664 951 1729 Et
993 1685 1081 1729 ne
1147 1663 1388 1749 aliquis
1448 1664 1623 1729 dona
1680 1662 1888 1727 solius
1933 1660 2063 1727 Dei
2123 1662 2252 1727 sibi
2295 1660 2619 1727 fallaciter
2676 1659 2870 1725 attri-

765 1764 945 1844 buat,
992 1765 1066 1830 in
1117 1765 1426 1830 manibus
1471 1764 1872 1851 angelorum,
1919 1764 1993 1828 in
2041 1762 2240 1829 dictis
2286 1762 2583 1828 turribus
2626 1761 2872 1827 consis-

766 1866 1072 1945 tentium,
1118 1866 1497 1931 scribuntur
1540 1866 1637 1929 hii
1682 1887 1912 1931 versus
1940 1889 2050 1929 :—

861 1986 895 2013 “
915 1977 943 2015 ⁹
968 1977 1299 2063 Quicquid
1344 1977 1548 2043 habet
1590 1977 1834 2057 merit-i,
1878 1976 2289 2064 praeventrix
2333 1974 2553 2065 gratia
2597 1975 2822 2054 donat,

862 2086 896 2115 ‘⁶
942 2080 1060 2145 Nil
1106 2081 1289 2146 Deus
1332 2079 1406 2144 in
1450 2079 1642 2144 nobis
1687 2084 1931 2165 praeter
1976 2100 2095 2143 sua
2139 2077 2317 2143 dona
2362 2075 2692 2145 coronat.''

855 2198 1111 2260 Assunt
1142 2194 1343 2260 etiam
1373 2193 1616 2258 ibidem
1662 2193 1794 2258 duo
1840 2193 2076 2279 angeli,
2107 2214 2151 2257 a
2179 2193 2362 2257 curia
2389 2192 2640 2258 coelesti
2670 2191 2872 2257 desti-

767 2297 934 2378 nati,
966 2297 1388 2385 unigenitum
1420 2295 1545 2361 Dei
1577 2295 1799 2361 Patris
1830 2295 2080 2360 Filium
2111 2295 2183 2359 in
2213 2295 2455 2381 agonia
2484 2317 2622 2360 suae
2668 2292 2695 2330 ³
2714 2293 2872 2359 Pas-

769 2400 970 2466 sionis
1011 2398 1425 2475 consolaturi,
1456 2403 1525 2463 et
1553 2398 1611 2485 ej
1619 2399 1847 2464 usdem
1877 2397 2231 2484 gloriosam
2260 2396 2629 2476 victoriam,
2662 2396 2873 2460 homi-

768 2522 926 2565 num
999 2501 1448 2578 salvationem,
1497 2504 1567 2565 et
1621 2499 1858 2565 decimi
1906 2498 2157 2564 ordinis
2212 2498 2496 2585 angelici
2544 2497 2871 2585 deperditi

767 2603 1336 2679 restaurationem,
1398 2601 1611 2666 eidem
1676 2600 1930 2666 coelesti
2001 2601 2200 2667 curiae
2266 2599 2560 2666 relaturi.
2653 2598 2744 2664 Et
2785 2603 2871 2663 ut

767 2702 1003 2790 ingens
1048 2703 1366 2768 memoria
1423 2707 1636 2767 tantae
1696 2702 2141 2789 gratitudinis
2219 2700 2474 2767 Christi
2532 2699 2871 2766 mentibus

771 2804 1313 2872 Christicolarum
1342 2804 1597 2868 firmius
1628 2804 1980 2883 adhaereat,
2014 2826 2198 2869 suam
2232 2824 2489 2889 quoque
2534 2802 2866 2868 miseriam

768 2905 797 2943 ⁴
811 2905 1183 2971 humillime
1219 2909 1654 2991 recognoscat,
1705 2905 1885 2971 inter
1942 2905 2290 2971 historiam
2353 2903 2869 2969 Resurrectionis

773 3014 842 3074 et
889 3008 1224 3074 Passionis
1270 3007 1362 3073 sic
1415 3006 1729 3073 scribitur
1751 3030 1864 3071 :—

864 3127 899 3157 “
946 3121 1127 3186 Mors
1157 3126 1295 3199 tua,
1327 3141 1502 3185 mors
1533 3119 1802 3200 Christi,
1835 3118 1861 3156 ⁵
1882 3117 2101 3184 foedus
2129 3116 2156 3155 ⁰
2173 3117 2425 3198 mundi,
2457 3116 2671 3204 gloria
2699 3117 2869 3198 coeli,

1041 3228 1077 3258 “
1124 3222 1217 3287 Et
1261 3221 1448 3286 dolor
1489 3220 1748 3299 inferni,
1795 3221 1934 3287 sint
1978 3220 2405 3286 memoranda
2448 3218 2629 3286 tibi.”

861 3334 1064 3417 Et,—

864 3443 898 3472 “
942 3437 1025 3501 In
1072 3456 1259 3501 cruce
1303 3456 1448 3500 sum
1495 3453 1615 3521 pro
1661 3440 1771 3514 te;
1814 3432 1932 3520 qui
1975 3453 2220 3520 peccas,
2266 3432 2509 3512 desine,
2558 3452 2677 3519 pro
2721 3453 2873 3513 me;

863 3543 899 3574 “
945 3537 1205 3615 Desine,
1251 3536 1566 3618 condono,
1613 3557 1854 3623 pugna,
1890 3536 2080 3620 juVO,
2125 3535 2336 3615 vince,
2382 3536 2674 3602 coron0.’'

859 3661 951 3726 Et
1007 3661 1395 3737 notandum,
1460 3660 1637 3746 quod
1698 3660 1786 3726 ab
1837 3659 2221 3724 humilitate
2289 3679 2407 3745 per
2476 3657 2872 3725 Columnam

769 3761 1033 3829 Amoris
1063 3760 1194 3825 Dei
1225 3765 1294 3826 et
1323 3761 1613 3847 proximi
1657 3762 1746 3826 ad
1774 3761 2038 3827 Turrim
2086 3759 2406 3827 Caritatis
2451 3761 2875 3849 pertingitur,

768 3888 887 3954 per
946 3863 1238 3930 virtutes
1299 3862 1502 3927 etiam
1564 3867 1632 3929 et
1691 3863 2159 3930 rectitudinem
2220 3863 2384 3929 vitae
2442 3863 2530 3928 ad
2607 3863 2873 3928 Turrim

771 3967 1067 4035 Honoris
1111 3964 1135 4008 ⁷
1157 3965 1591 4053 pervenitur3
1650 3965 1830 4031 unde
1889 3965 1936 4031 J
1939 3966 2231 4031 ohannes
2283 3966 2354 4030 in
2406 3964 2710 4054 Epistola
2751 3986 2875 4030 sua

769 4071 869 4137 ait
892 4095 910 4152 ;
931 4108 1022 4121 --
1043 4066 1070 4106 ⁸
1095 4075 1129 4105 “
1176 4068 1289 4134 Sic
1334 4068 1516 4133 Deus
1562 4065 1800 4134 dilexit
1860 4066 2200 4149 mundum,
2243 4071 2324 4132 ut
2369 4066 2617 4133 Filium
2677 4088 2872 4132 suum

771 4178 806 4210 “
851 4171 1272 4259 unigenitum
1319 4170 1525 4249 daret,
1570 4175 1649 4234 ut
1693 4174 1763 4235 et
1805 4190 1926 4234 nos
1969 4169 2390 4256 adoptionem
2436 4168 2722 4234 filiorum
2769 4190 2873 4234 re-

767 4282 807 4311 “
850 4275 1211 4360 ciperemus
1233 4295 1250 4352 ;
1270 4269 1306 4296 ”
1372 4277 1440 4336 et
1485 4270 1567 4336 de
1612 4271 1876 4351 honore,
1936 4271 2052 4357 qui
2096 4271 2302 4357 juxta
2353 4268 2381 4309 ⁹
2398 4269 2872 4357 Philosophum

838 4464 856 4498 ¹
877 4462 1032 4530 spinoe
1055 4463 1174 4528 only
1194 4462 1249 4513 in
1270 4463 1387 4515 MS.
1930 4461 1953 4494 ⁶
1974 4461 2125 4513 nundi
2145 4462 2198 4513 in
2219 4463 2334 4516 MS.

836 4544 859 4576 ²
887 4543 1153 4608 Quia-quit
1171 4542 1226 4593 in
1246 4539 1359 4594 MS.
1929 4544 1950 4572 ‘¹
1966 4544 2264 4608 proevenitur
2285 4542 2338 4593 in
2358 4541 2473 4594 MS.

835 4622 859 4654 ³
880 4621 1022 4673 Lake
1041 4621 1275 4685 xxii.,43.
1929 4619 1953 4651 ⁸
1980 4626 2001 4670 1
2044 4620 2181 4672 Jolm
2225 4621 2295 4672 iv.
2347 4627 2397 4685 9,
2438 4621 2541 4673 and
2601 4618 2875 4671 Galatiam

835 4701 858 4732 ⁴
877 4700 1116 4751 humiliate
1135 4701 1192 4750 in
1216 4700 1328 4753 MS.
1864 4699 1930 4750 iv.
1958 4704 2004 4750 5.

835 4779 856 4811 ⁶
880 4777 1008 4829 This
1050 4780 1191 4829 word
1242 4779 1286 4832 is
1329 4777 1588 4839 doubtfuh
1625 4792 1776 4843 app&
1930 4778 1951 4811 ⁹
1975 4779 2372 4846 Theophrastus,
2476 4780 2735 4846 probably,
2815 4795 2873 4831 as

766 4858 951 4925 ready,
974 4860 1008 4887 ‘⁶
1023 4857 1239 4922 sccnoess’
1864 4859 2047 4922 quoted
2068 4860 2139 4924 by
2161 4860 2409 4912 Stobaeus.
