3467 5717
1277 836 1632 888 Arpnnmx
1683 824 1802 909 (c).
2459 829 2590 896 429

494 1020 644 1103 Qua
687 1024 952 1109 quidem
1000 1024 1190 1103 fossa,
1235 1026 1435 1092 sicuti
1480 1032 1550 1092 et
1598 1026 1782 1105 alias,
1813 1026 2317 1114 circumquaque
2370 1028 2600 1094 villam

493 1124 569 1187 in
609 1146 847 1210 guerra
885 1126 1240 1208 Baronum,
1270 1128 1357 1193 ad
1396 1128 1890 1215 reprimendum
1932 1129 2355 1195 insolentiam
2400 1130 2601 1195 latro-

496 1247 679 1307 num,
725 1243 797 1294 et
841 1229 1121 1300 aliorum
1182 1228 1359 1296 vmae
1418 1230 1948 1317 malignantium,
2001 1231 2279 1318 legimus
2332 1231 2604 1298 institu-

493 1331 670 1410 tam3
713 1335 792 1402 ut
836 1330 909 1396 in
952 1331 1381 1417 subsequenti
1428 1330 1750 1398 Chronica
1793 1332 2044 1419 poterit
2089 1354 2514 1420 apparere.—

589 1434 626 1465 “
653 1432 854 1497 Anno
885 1432 1160 1498 Domini
1204 1432 1553 1499 miUesimo
1599 1431 1624 1472 ¹
1645 1433 2061 1521 [centesimo]
2096 1436 2603 1523 quadragesimo

497 1536 538 1569 “
580 1532 878 1610 secunde,
919 1534 1065 1600 Rex
1111 1534 1490 1621 Stephanus
1535 1536 1711 1623 cepit
1751 1535 2161 1602 Willelmum
2207 1537 2291 1603 de
2329 1537 2602 1603 Mande-

496 1635 536 1670 “
579 1634 744 1700 villa
786 1635 965 1722 apud
1010 1635 1329 1702 Sanctum
1358 1635 1719 1716 Albanum,
1763 1637 1923 1702 illuc
1967 1638 2244 1703 veniens
2289 1638 2361 1703 in
2404 1660 2604 1703 manu

500 1741 536 1773 “
580 1737 854 1823 potenti.
931 1736 1387 1806 Veruntamen
1415 1743 1774 1824 antequam
1805 1739 2026 1825 ipsum
2066 1739 2361 1827 cepisset,
2395 1744 2605 1806 certa-

500 1844 537 1873 “
580 1860 732 1904 men
767 1844 1118 1907 cruentum
1165 1840 1486 1906 sustinuit
1499 1863 1518 1921 ;
1562 1841 1741 1906 unde
1792 1841 2027 1907 Comes
2062 1841 2144 1907 de
2175 1841 2603 1922 Harundelle,

500 1943 539 1974 “
583 1940 770 2007 miles
799 1942 953 2008 licet
982 1942 1301 2029 egregius,
1347 1942 1422 2007 in
1465 1942 1684 2008 medio
1714 1964 1907 2027 aquae
1953 1965 2101 2028 quae
2150 1952 2166 1978 ‘
2192 1943 2567 2029 Halywelle
2589 1943 2607 1972 '

502 2047 538 2077 “
582 2042 844 2124 dicitur,
909 2066 951 2108 a
993 2043 1377 2109 Walkelino
1439 2044 1521 2110 de
1575 2044 1787 2124 Oxen,
1854 2045 2068 2110 milite
2131 2046 2607 2126 strenuissime,

500 2152 536 2180 “
579 2144 778 2209 simul
825 2167 975 2211 cum
1039 2167 1206 2231 equo
1272 2167 1410 2223 suo,
1454 2151 1830 2233 prostratus
1893 2150 2014 2227 est,
2069 2148 2233 2212 totis
2295 2146 2609 2212 membris

497 2251 534 2282 ‘⁶
580 2247 870 2324 attritus,
941 2252 1011 2313 et
1084 2248 1219 2313 fere
1288 2247 1685 2313 submersus.
1806 2247 2059 2315 Milites
2126 2253 2349 2315 autem
2413 2248 2610 2315 Beati

498 2353 534 2385 ‘⁶
579 2348 844 2427 Albani,
912 2350 1028 2436 qui
1103 2352 1263 2415 tunc
1337 2349 1422 2414 ad
1501 2348 1786 2416 ecclesiae
1862 2348 2006 2435 ejus
2081 2350 2468 2432 custodiam,
2539 2356 2611 2416 et

503 2453 536 2485 “
581 2450 763 2517 villae
825 2450 1086 2516 fossatis
1145 2451 1587 2530 circumdatae,
1649 2450 1869 2537 ipsum
1931 2453 2174 2531 vicum,
2236 2452 2353 2538 qui
2405 2451 2613 2537 juxta

504 2559 537 2588 “
584 2551 978 2618 Ooenobium
1025 2557 1141 2631 est,
1186 2552 1671 2632 inhabitabant,
1717 2552 1848 2639 ipsi
1895 2553 2062 2639 Regi
2108 2554 2179 2617 in
2225 2553 2480 2619 faciem‘
2510 2555 2611 2619 vi-

502 2657 540 2690 “
581 2654 792 2720 riliter
853 2655 1260 2733 restiterunt,
1307 2655 1514 2721 donec
1558 2654 1865 2735 ecclesiae,
1913 2676 2118 2740 quam
2187 2654 2460 2741 quidam
2529 2676 2610 2720 ex

501 2760 541 2792 “
583 2755 781 2844 regiis
826 2754 854 2792 ⁹
871 2756 1135 2824 aedituis
1174 2756 1609 2839 violaverant,
1654 2753 1681 2794 ⁸
1703 2755 2123 2822 satisfecisset
2167 2757 2309 2844 ipse
2341 2756 2503 2836 Rex,
2542 2762 2612 2824 et

502 2862 540 2895 “
585 2857 727 2944 ejus
770 2856 1159 2924 invasores”

611 2958 703 3024 Et
775 2965 1017 3046 praeter
1090 2981 1502 3027 communem
1578 2959 1901 3036 semitam,
1986 2963 2022 2993 “
2053 2959 2541 3045 Houndespath
2578 2959 2609 2985 ”

499 3059 529 3099 ⁴
544 3061 925 3139 vocitatam,
955 3061 1136 3127 inter
1189 3082 1375 3126 arcas
1418 3060 1726 3126 domibus
1782 3059 1808 3098 ⁵
1826 3061 2171 3148 contiguas
2216 3062 2611 3148 adjacentes,

502 3169 574 3229 et
630 3167 859 3241 terras,
927 3162 1123 3228 dictae
1197 3163 1388 3228 fossae
1462 3161 1783 3248 adjacent,
1847 3161 2034 3227 salvo
2107 3163 2322 3248 spatio
2396 3163 2615 3229 medio

503 3265 885 3352 praescripto
914 3262 1155 3352 6prope
1184 3264 1540 3350 adjacente,
1566 3285 1686 3351 pro
1710 3285 1934 3329 earum
1958 3263 2345 3347 salvatione,
2368 3265 2618 3350 pariter

506 3371 578 3431 et
637 3366 871 3447 tutela,
925 3369 1575 3451 permanseruntque.
1676 3361 1703 3404 ⁷
1719 3362 1871 3430 Hoc
1920 3364 2229 3446 fidelitas,
2273 3365 2616 3452 magnani-

508 3468 723 3547 mitas,
770 3474 840 3534 et
891 3468 1227 3547 benevole,
1271 3466 1378 3534 cui
1438 3467 1616 3533 inter
1679 3465 2154 3532 Monasterium
2213 3472 2282 3533 et
2333 3466 2618 3533 villanos

504 3570 673 3636 illud
745 3593 951 3658 usque
1025 3569 1569 3636 insurrectionem
1636 3569 1825 3657 regni
1900 3573 2131 3635 contra
2200 3568 2413 3656 Reges
2482 3570 2623 3635 Ed-

491 3674 809 3740 «wardum
854 3671 1229 3739 Secundum
1276 3675 1347 3738 et
1391 3671 1750 3738 Ricardum
1795 3671 2188 3749 Secundum,
2233 3677 2462 3760 postea
2505 3673 2617 3738 de-

509 3775 757 3863 positos
830 3796 946 3840 seu
1020 3775 1428 3861 degradatos.
1555 3772 1853 3854 Quorum
1930 3778 2223 3861 tempore
2305 3774 2467 3841 socii
2548 3779 2618 3840 et

508 3876 729 3944 furum
774 3876 1009 3943 villani
1054 3876 1272 3943 effecti
1316 3876 1752 3942 obtinuerunt
1795 3876 1868 3941 vi
1929 3881 1999 3942 et
2041 3880 2231 3943 metu
2279 3897 2430 3942 suas
2474 3898 2636 3970 pers

511 3979 992 4046 ambulationes
1047 3983 1117 4045 et
1163 3978 1428 4045 chartas
1487 3978 1569 4044 de
1633 3976 2016 4043 Abbatibus
2078 3974 2344 4056 ibidem,
2413 3976 2619 4063 juxta

511 4104 702 4152 suum
748 4080 1194 4163 desiderium3
1255 4087 1503 4168 postea,
1556 4079 1708 4165 jure
1771 4084 1842 4145 et
1893 4079 2083 4167 regni
2136 4079 2619 4166 tranquillitate

511 4184 959 4263 redeuntibus,
1023 4183 1372 4249 damnatas
1432 4182 1700 4269 pariter,
1751 4186 1820 4247 et
1864 4179 1891 4220 ⁸
1908 4179 2333 4262 adnullatas;
2388 4187 2457 4247 et
2516 4202 2622 4247 eo-

582 4422 597 4458 ¹
624 4424 847 4476 Omitted
866 4425 920 4475 in
945 4424 1059 4476 MS.
1681 4421 1703 4454 ⁶
1721 4438 1760 4487 p
1782 4422 1901 4487 only
1923 4420 1982 4470 in
2001 4420 2117 4474 MS.

579 4503 602 4537 ²
625 4503 787 4555 editiie
807 4503 863 4553 in
884 4503 999 4555 MS.
1677 4500 1698 4539 ⁷
1723 4501 1836 4551 The
1859 4500 2023 4551 whole
2045 4500 2104 4550 of
2121 4499 2224 4551 this
2245 4513 2458 4566 passage
2473 4497 2623 4550 isun-

581 4586 601 4616 ⁸
623 4583 954 4647 sucidae-isset
973 4582 1030 4632 in
1051 4581 1164 4634 MS.
1612 4579 1984 4645 grammatica,
2007 4581 2108 4630 and
2144 4580 2214 4630 its
2250 4580 2491 4644 meaning
2528 4594 2624 4630 can

584 4662 606 4696 ⁴
631 4664 847 4712 vocitata
869 4662 923 4711 in
944 4660 1061 4714 MS.
1611 4659 1735 4724 only
1757 4660 1821 4710 be
1843 4660 2058 4724 guessed
2080 4666 2148 4709 at.

586 4742 608 4775 ⁸
632 4741 881 4807 confiyuos
901 4740 955 4792 iu
976 4739 1093 4791 MS.
1681 4736 1704 4768 ⁸
1728 4735 1991 4788 adnullata
2015 4736 2069 4787 in
2090 4737 2205 4791 MS.
