3467 5717
1340 840 1585 897 emon
1629 840 1907 899 Annam.
2561 828 2689 897 295

581 1045 618 1074 “
660 1034 1004 1103 humiliter
1046 1038 1500 1123 praesentatas,
1530 1056 1683 1102 oum
1728 1056 1808 1101 ea
1851 1056 1984 1123 qua
2028 1035 2254 1104 decuit
2296 1038 2686 1119 reverentia,
2716 1063 3025 1121 nausea.

585 1146 618 1176 “
660 1139 1043 1226 recepimus,
1077 1143 1391 1215 tenorem,
1421 1137 1537 1224 qui
1568 1139 1890 1226 sequitur,
1912 1139 2450 1209 continentes.—-‘
2471 1141 2692 1228 Euge-

584 1249 617 1279 “
665 1249 680 1279 ‘
710 1241 865 1308 nius
909 1242 1291 1329 Episcopus,
1323 1262 1550 1308 servus
1594 1262 1932 1309 servorum
1967 1242 2096 1309 Dei
2120 1242 2287 1310 ⁹—et
2331 1251 2581 1325 coetera,
2610 1253 2690 1312 ut

584 1350 620 1379 “
663 1366 897 1432 supra.
989 1344 1288 1425 Quarum
1333 1344 1601 1431 quidem
1648 1346 2047 1412 auctoritate
2107 1346 2502 1430 litterarum,
2546 1371 2685 1429 nos,

586 1453 619 1482 ‘⁶
666 1447 968 1530 (rhomae,
1014 1447 1532 1514 Archidiaeonus
1575 1453 1646 1512 et
1690 1447 2030 1535 delegatus
2081 1450 2332 1530 unicus,
2378 1450 2454 1515 in
2513 1453 2691 1519 dicta

584 1556 620 1587 “
666 1551 937 1637 Capella
953 1551 1177 1617 Beatoe
1200 1549 1430 1616 Mariae
1459 1549 1540 1614 de
1562 1548 1841 1615 Oalbroc
1869 1549 2204 1635 praedicta,
2229 1551 2408 1618 dicto
2430 1560 2687 1638 quarm,

586 1659 622 1687 “
670 1675 925 1720 necnon
954 1652 1263 1719 vicesimo
1296 1658 1366 1718 et
1394 1651 1705 1718 vicesimo
1751 1651 1980 1739 primo,
2028 1652 2135 1718 die
2180 1655 2425 1720 mensis
2470 1655 2519 1721 ,J
2521 1657 2683 1738 unii,

586 1760 621 1791 “
667 1777 864 1843 supra
891 1757 963 1820 in
994 1754 1416 1843 praesentium
1448 1754 1826 1841 litterarum
1855 1754 2126 1821 exordio
2154 1758 2477 1839 annotati,
2525 1758 2688 1846 legi-

582 1865 618 1892 “
662 1857 823 1924 time
853 1858 1288 1944 procedenteS,
1319 1878 1396 1922 ac
1426 1856 1508 1923 de
1538 1861 1609 1923 et
1639 1878 1834 1943 super
1865 1857 2173 1923 omnibus
2202 1863 2272 1923 et
2300 1858 2576 1945 singulis
2611 1860 2686 1925 in

581 1970 618 1997 “
662 1960 856 2026 dictis
886 1960 1133 2027 litteris
1161 1959 1509 2037 contentis,
1530 1960 1892 2026 secundum
1913 1981 2175 2025 omnem
2197 1959 2358 2043 vim,
2381 1961 2685 2043 formam,

584 2070 615 2101 “
663 2069 731 2130 et
760 2063 1084 2146 effectum,
1099 2062 1477 2141 earundem,
1505 2083 1626 2127 nos
1657 2062 1882 2128 debite
1909 2062 2361 2144 informantes,
2383 2065 2543 2149 quia
2569 2087 2688 2152 per

585 2174 620 2202 ‘⁴
665 2167 988 2255 producta
1031 2166 1352 2248 exhibita,
1385 2170 1454 2231 et
1484 2164 1769 2253 probata
1796 2187 2015 2231 coram
2043 2166 2255 2247 nobis,
2287 2189 2404 2253 per
2431 2173 2686 2254 partem

585 2278 621 2306 “
666 2269 1145 2336 venerabilium
1197 2274 1266 2335 et
1324 2268 1781 2356 religiosorum
1839 2269 2139 2334 virorum
2200 2271 2686 2355 praedictorum,

582 2379 620 2411 “
665 2396 742 2439 ao
786 2394 905 2459 per
948 2371 1480 2438 informationem
1511 2370 1808 2437 debitam
1852 2370 1936 2436 de
1982 2376 2051 2435 et
2094 2393 2292 2457 super
2333 2375 2689 2460 praemissis

585 2484 621 2512 “
665 2496 782 2562 per
824 2497 947 2541 nos
992 2475 1291 2540 habitam
1320 2479 1520 2560 atque
1551 2473 1810 2554 factam,
1842 2495 2094 2539 necnon
2140 2496 2257 2560 per
2301 2475 2686 2562 diligentem

583 2585 619 2615 ‘⁶
665 2583 734 2644 et
766 2576 1116 2644 sollicitam
1137 2575 1611 2664 inspectionem
1636 2576 2150 2641 Ordinationum
2181 2582 2251 2641 et
2280 2581 2684 2644 statutorum

584 2688 619 2717 “
663 2702 781 2768 per
840 2679 1100 2746 eosdem
1150 2677 1559 2745 venerabiles
1603 2685 1673 2744 et
1716 2678 2054 2766 religiosos
2098 2679 2278 2743 viros
2337 2679 2683 2761 editorum,

587 2789 620 2818 “
668 2789 866 2871 prout
901 2784 975 2848 in
1017 2781 1259 2848 litteris
1302 2780 1703 2868 patentibus,
1734 2780 1971 2868 sigillis
2016 2785 2158 2847 tam
2202 2780 2364 2849 dicti
2398 2783 2683 2851 Abbatis

584 2893 619 2922 “
664 2908 863 2973 quam
908 2884 1296 2953 Conventus
1341 2885 1636 2964 munitis,
1683 2883 1972 2950 vidimus
2015 2884 2274 2970 plenius
2318 2887 2684 2968 contineri;

585 2996 622 3027 “
666 3010 947 3075 quorum
991 2988 1263 3075 insuper
1331 2986 1847 3054 ordinationum
1891 2992 1962 3052 et
2011 2991 2418 3054 statutorum
2486 3012 2683 3056 verus

585 3099 619 3129 “
665 3098 855 3159 tenor
898 3092 981 3157 de
1024 3090 1229 3157 verbo
1288 3089 1362 3155 in
1421 3090 1701 3156 verbum
1769 3090 2086 3175 sequitur,
2134 3095 2204 3156 et
2261 3095 2364 3157 est
2424 3092 2686 3159 talis,—

583 3202 623 3235 “
673 3192 692 3231 ¹
719 3203 735 3231 ⁴
759 3194 867 3259 Ad
899 3192 1394 3280 Omnipotentis
1422 3192 1551 3259 Dei
1596 3191 1898 3273 laudem,’
1928 3199 1988 3257 et
2017 3198 2270 3273 coetera,
2299 3198 2380 3259 ut
2426 3215 2642 3281 supra
2657 3219 2682 3275 ;

585 3304 623 3334 “
667 3298 1102 3383 comperimus
1147 3295 1492 3362 evidenter
1551 3295 1777 3360 omnia
1821 3299 1892 3359 et
1935 3295 2198 3381 singula
2255 3295 2329 3360 in
2387 3296 2682 3383 praefatis

583 3409 618 3438 “
662 3400 907 3466 litteris
967 3403 1274 3486 suggesta
1332 3398 1533 3463 fuisse
1579 3404 1648 3463 et
1695 3418 1833 3462 esse
1893 3418 2069 3475 vera,
2116 3396 2442 3484 diemque
2501 3399 2684 3466 cistae

585 3512 622 3538 “
667 3503 1171 3583 ordinationem,
1217 3522 1293 3567 ac
1338 3499 1553 3567 Officii
1600 3500 1935 3586 Operariae
1996 3500 2514 3580 institutionem,
2559 3524 2679 3589 pro

580 3614 616 3644 “
660 3604 1154 3672 conservatione
1198 3608 1417 3669 status
1462 3603 1624 3669 dicti
1667 3602 2068 3681 monasterii,
2102 3608 2171 3670 et
2215 3603 2394 3670 illius
2430 3605 2681 3673 indem-

582 3719 621 3746 “
663 3707 1010 3786 nitatibus,
1041 3707 1302 3774 notorio
1346 3705 1752 3794 processisse,
1782 3710 2164 3793 statutaque
2193 3712 2265 3773 et
2293 3707 2674 3775 Ordinatio-

585 3819 623 3849 “
666 3833 785 3878 nes
826 3809 1143 3900 praedicta
1185 3832 1395 3896 aequa,
1432 3808 1637 3895 justa,
1666 3813 1735 3875 et
1778 3808 2219 3890 rationabilia,
2273 3811 2429 3880 fore.
2519 3810 2545 3850 ⁸
2565 3811 2680 3878 Id-

583 3921 627 3959 ⁴‘
666 3916 836 3981 circo
904 3914 1231 3980 dictorum
1304 3913 1489 3979 cistae
1560 3917 1632 3977 et
1703 3915 2106 3978 statutorum
2182 3912 2681 3996 ordinationem,

584 4026 619 4057 “
664 4017 879 4084 officii
912 4016 1245 4104 Operariee
1274 4015 1609 4103 praedictae
1652 4015 2166 4096 institutionem,
2213 4014 2315 4078 illi
2358 4015 2682 4082 bonorum

584 4127 618 4158 “
665 4120 1192 4208 applicationem,
1239 4117 1676 4196 voluntatem,
1706 4123 1775 4183 et
1805 4123 2043 4183 caetera
2072 4118 2295 4182 omnia
2323 4122 2393 4183 et
2421 4118 2682 4207 singula

584 4231 619 4260 “
664 4223 834 4288 circa
899 4222 1043 4288 haec
1104 4243 1222 4309 per
1281 4242 1401 4287 nos
1453 4218 1946 4286 rationabiliter
2006 4217 2331 4299 ordinata,
2397 4242 2546 4307 quse
2603 4223 2678 4287 in

582 4333 622 4363 “
664 4325 957 4412 praefatis
1015 4345 1241 4390 eorum
1299 4322 1546 4390 litteris
1606 4322 1991 4408 patentibus
2044 4322 2485 4407 continentur,
2531 4346 2682 4391 auc-

583 4436 620 4465 “
666 4429 939 4495 toritate
982 4425 1365 4514 Apostolica
1421 4424 1847 4513 approbanda
1905 4428 1977 4489 et
2035 4426 2485 4492 confirmanda
2542 4427 2682 4493 fore

582 4537 621 4569 “
666 4529 1074 4597 decernimus
1105 4534 1175 4595 et
1215 4527 1745 4616 pronunciamus,
1775 4548 1853 4592 ac
1897 4547 1976 4593 ea
2018 4527 2243 4593 omnia
2286 4532 2355 4594 et
2398 4529 2680 4617 singula,

653 4762 665 4793 ¹
693 4760 789 4813 See
813 4775 942 4828 page
965 4763 1062 4812 276
1087 4768 1214 4811 ante.
1643 4760 1655 4828 Ι
1749 4758 1772 4791 ²
1793 4757 1984 4810 Iccirco
2005 4759 2056 4810 in
2078 4760 2194 4815 MS.
