3467 5717
475 978 611 1032 A.D.
640 984 784 1032 1433.

813 781 944 846 348
1477 792 1798 845 manns
1840 792 2268 846 nonasrnnn

899 988 938 1019 “
968 984 1170 1050 Modo
1209 984 1428 1071 palam
1468 990 1730 1052 constat
1761 985 2073 1052 omnibus
2102 987 2428 1073 quomodo
2469 988 2648 1054 dicta
2692 986 2913 1053 Eccle-

810 1092 842 1119 “
888 1086 988 1151 sia
1032 1085 1263 1154 Sancti
1295 1089 1631 1155 Pancratii
1675 1111 1752 1155 eo
1796 1094 2026 1155 tenore
2064 1088 2467 1157 Monasterio
2498 1089 2914 1157 Cluniacensi

808 1194 847 1224 “
891 1189 1339 1275 subjicitur,—
1351 1191 1528 1278 quod
1557 1190 1643 1257 ab
1688 1191 1873 1258 omui
1901 1212 2100 1258 onere
2129 1191 2530 1259 collectionis
2558 1192 2912 1270 decimalis,

809 1297 846 1326 “
891 1294 1290 1362 auctoritate
1307 1295 1543 1362 saltem
1571 1295 1908 1361 ordinaria
1936 1291 1963 1332 ²
1986 1295 2401 1383 imponend0‚
2424 1295 2727 1362 totaliter
2755 1316 2915 1362 exo-

808 1401 845 1431 “
890 1401 1170 1463 neretur.
1263 1397 1387 1464 Est
1430 1398 1607 1464 enim
1642 1396 1829 1464 Cella
1855 1398 2091 1464 domus
2135 1397 2333 1479 illius,
2362 1399 2722 1487 eodemque
2760 1420 2909 1466 cum

808 1504 846 1534 “
890 1498 1035 1585 ipsa
1075 1501 1327 1587 gaudet
1367 1500 1716 1589 privilegio
1760 1500 2110 1568 libertatis

898 1608 933 1636 “
965 1601 1165 1671 Patet
1230 1604 1441 1692 igitur
1505 1603 1792 1691 qualiter
1834 1603 2129 1670 Ecclesia
2194 1602 2459 1670 Sanctae
2528 1604 2757 1671 Mariae
2825 1604 2910 1670 de

805 1710 841 1739 “
887 1704 1213 1791 Bynham,
1261 1728 1410 1793 quae
1453 1707 1600 1794 pari
1658 1710 1889 1774 tenore
1932 1706 2335 1773 Monasterio
2387 1706 2616 1773 Sancti
2662 1707 2910 1773 Albani

806 1812 843 1843 “
887 1814 990 1875 est
1008 1808 1318 1896 subjecta,
1351 1810 1439 1877 ab
1470 1809 1700 1877 eodem
1730 1809 1936 1877 etiam
1966 1829 2180 1888 onere,
2212 1807 2416 1875 simili
2458 1808 2485 1848 ¹
2508 1809 2909 1896 imponendo

802 1916 842 1947 “
886 1912 1305 1992 auctoritate,
1363 1913 1457 1980 sit
1529 1917 1847 2001 exempta
1889 1911 2180 2000 penitus,
2239 1932 2318 1978 ac
2389 1910 2693 1978 totaliter
2749 1934 2909 1980 exo-

803 2019 840 2050 “
884 2019 1131 2084 nerata.

893 2123 931 2152 “
962 2118 1161 2185 Patet
1205 2118 1408 2184 etiam
1453 2140 1571 2208 per
1610 2118 1845 2185 Bullas
1873 2117 2139 2199 varias3
2182 2121 2253 2184 et
2300 2117 2532 2205 primo,
2580 2138 2700 2205 per
2742 2117 2909 2185 Bul-

803 2225 841 2253 “
885 2219 1019 2285 lam
1065 2221 1263 2308 Papae
1315 2221 1584 2287 Kalixti
1636 2221 1942 2302 Secundi,
1996 2220 2115 2307 qui
2159 2221 2390 2309 prim0,
2424 2219 2625 2306 juxta
2668 2221 2905 2300 varios,

802 2327 840 2356 ‘⁴
885 2321 1216 2409 scripsisse
1260 2323 1506 2411 legitur
1555 2323 1933 2409 hujusmodi
1980 2323 2196 2410 apices
2239 2345 2357 2410 pro
2405 2323 2818 2410 exemptione
2864 2347 2907 2389 a

802 2431 840 2459 “
875 2424 1340 2510 jurisdictione
1401 2425 1767 2515 episcopali.
1881 2425 2035 2513 Ipse
2086 2426 2337 2524 etenim
2376 2425 2687 2513 primitus
2730 2427 2908 2493 iuter

799 2534 834 2562 “
881 2527 1182 2593 dominos
1241 2527 1657 2615 Apostolicos
1716 2551 1761 2595 a
1818 2549 1937 2595 suo
1982 2526 2009 2568 ²
2031 2527 2326 2595 obtinuit
2394 2529 2900 2616 consanguinee,

800 2634 840 2664 “
885 2628 1337 2695 Romanorum
1382 2630 1811 2718 Imperatore,
1841 2630 2134 2697 Henrico
2182 2630 2455 2723 Quarto,
2484 2635 2567 2697 ut
2616 2631 2903 2699 ecclesiae

800 2734 837 2765 “
882 2730 1292 2797 cathedrales
1367 2733 1616 2820 ubique
1683 2734 1860 2799 infra
1932 2755 2127 2800 suum
2200 2734 2551 2822 imperium
2622 2734 2901 2800 liberam

799 2839 834 2868 “
879 2833 1204 2900 haberent
1232 2834 1634 2915 electionem,
1667 2836 2069 2922 liberiusque
2108 2835 2481 2923 acciperent
2526 2836 2715 2903 electi
2748 2859 2902 2902 suas

797 2944 830 2972 ‘⁴
876 2935 1253 3002 investuras
1297 2959 1340 3002 a
1385 2935 1687 3003 Romano
1722 2937 2064 3018 Pontifice,
2098 2960 2175 3003 ac
2218 2938 2494 3004 liberius
2536 2938 2902 3025 gauderent

796 3043 835 3074 “
880 3038 1127 3126 ubique
1173 3040 1248 3105 in
1291 3039 1429 3105 suis
1473 3037 1501 3079 ⁸
1519 3039 1946 3121 Dioecesibus,
1974 3045 2127 3127 post
2155 3038 2276 3106 has
2303 3041 2694 3122 inventurus,
2726 3040 2901 3107 ordi-

792 3148 830 3178 “
878 3142 1067 3207 naria
1116 3142 1601 3229 jurisdictione.
1693 3142 1891 3209 Prius
1956 3142 2204 3209 etenim
2264 3147 2407 3209 tam
2460 3143 2901 3231 Imperatores

794 3246 833 3281 “
877 3265 1077 3330 quam
1112 3244 1230 3310 alii
1274 3245 1601 3333 principes
1643 3245 1986 3311 inferiores
2028 3245 2471 3312 investierunt
2500 3246 2588 3312 ad
2631 3245 2897 3312 libitum

795 3351 837 3381 ‘⁶
884 3351 1025 3412 tam
1073 3346 1396 3414 Praesules
1440 3368 1639 3433 quam
1684 3347 2003 3429 AbbateS,
2032 3353 2525 3435 posueruntque
2575 3347 2898 3431 ecclesias,

797 3456 833 3485 “
879 3449 962 3515 de
1022 3471 1196 3516 novo
1256 3472 1374 3537 per
1440 3450 1618 3538 ipsos
1683 3456 1951 3530 erectas,
2012 3451 2086 3516 iu
2136 3472 2215 3523 eo
2258 3451 2333 3516 in
2391 3473 2522 3538 quo
2561 3450 2899 3539 placuerat

790 3558 829 3588 ‘⁸
872 3572 1108 3638 genere
1150 3551 1494 3619 libertatis.

881 3659 916 3688 “
949 3653 1016 3718 N
1020 3675 1105 3718 on
1152 3655 1325 3720 enim
1373 3676 1493 3741 pro
1538 3660 1700 3723 tunc
1745 3655 1971 3721 stabat
2000 3655 2290 3722 Ecclesia
2332 3655 2406 3720 in
2450 3656 2654 3721 simili
2698 3655 2897 3722 liber-

793 3761 831 3793 “
878 3759 1021 3822 tate
1084 3777 1217 3841 qua
1266 3779 1459 3835 nunc,
1513 3779 1635 3824 nec
1692 3757 1918 3825 forsan
1976 3757 2144 3825 editi
2202 3764 2396 3825 eraut
2445 3758 2547 3824 illi
2593 3759 2895 3826 Oenones

792 3866 825 3895 “
873 3858 989 3944 qui
1035 3858 1406 3925 concedunt
1451 3859 1798 3947 Episcopis
1844 3859 2022 3925 infra
2067 3882 2222 3926 suas
2264 3860 2640 3929 ‘Dioeceses
2684 3861 2895 3949 pleni-

790 3968 828 3999 “
873 3961 1174 4027 tudinem
1204 3960 1705 4048 jurisdictionis.
1800 3962 1975 4029 Nam
2007 3963 2302 4029 nondum
2332 3962 2597 4051 collegit
2628 3963 2895 4029 Gratia-

789 4070 825 4101 “
868 4086 996 4132 nus
1053 4064 1412 4132 monachus
1455 4087 1578 4132 sua
1620 4066 1923 4148 Decreta,
1970 4087 2185 4152 neque
2228 4066 2611 4154 compilavit
2658 4066 2893 4131 Frater

737 4214 748 4219 -
789 4174 825 4204 “
870 4168 1309 4256 Raymundus
1372 4191 1494 4236 sua
1552 4167 1971 4248 Decretalia3
2032 4168 2059 4208 ⁶
2077 4168 2297 4248 immo,
2344 4191 2465 4256 pro
2526 4175 2690 4235 tuuc
2747 4173 2894 4234 erat

786 4275 826 4306 ‘⁶
871 4291 1104 4357 corpus
1121 4269 1294 4357 juris
1312 4267 1617 4357 quasi—⁰
1637 4276 1653 4306 ‘
1677 4269 1892 4336 Rudis
1921 4269 2380 4358 indigestaque
2408 4270 2651 4351 moles‚'
2671 4270 2893 4356 sicque

851 4576 867 4610 ¹
891 4573 1177 4641 imponenda
1199 4574 1251 4624 in
1273 4574 1385 4624 MS.
1945 4574 1966 4606 ⁴
1987 4573 2226 4625 Dioceses
2248 4573 2307 4624 in
2328 4572 2446 4626 MS.

848 4656 870 4690 ²
890 4656 1100 4721 optinuit
1123 4655 1175 4704 in
1199 4654 1319 4706 MS.
1947 4653 1968 4686 ⁸
1983 4669 2092 4718 ymo
2114 4653 2167 4704 in
2188 4654 2304 4706 MS.

849 4736 872 4768 ⁸
892 4731 1191 4785 Diocesibtoe
1213 4732 1270 4784 in
1291 4732 1407 4785 MS.
1939 4732 1962 4766 ⁶
1989 4731 2139 4797 ovid,
2162 4731 2467 4797 Metam„B.
2491 4732 2551 4795 1..
2576 4732 2610 4787 1.
2636 4735 2685 4786 7.
