3467 5717
1377 814 1619 865 smor1
1664 813 1946 866 Annam.
2579 800 2703 863 125

608 1001 644 1029 “
687 996 891 1082 gliam
945 998 1222 1065 redierit
1265 1022 1307 1064 a
1348 1000 1654 1087 partibus
1699 999 2109 1087 supradictis.
2198 1000 2390 1067 Teste
2433 1001 2705 1088 meipso,
2732 1014 3045 1068 A.D.1423.

608 1104 643 1131 “
683 1100 860 1185 apud
912 1100 1602 1179 westmonasterium,
1646 1101 1864 1186 primo
1894 1103 1999 1168 die
2041 1103 2288 1184 Martii,
2316 1125 2490 1170 anno
2520 1102 2707 1190 regni

605 1203 642 1233 “
683 1202 897 1267 nostri
942 1204 1212 1290 prim0.”

697 1302 859 1369 Post
902 1304 1022 1370 has
1068 1306 1362 1372 Litteras
1407 1305 1741 1383 Patentes,
1777 1306 2173 1393 impetravit
2216 1308 2415 1374 etiam
2449 1316 2518 1375 et
2547 1309 2711 1375 alias

604 1401 867 1472 litteras
910 1406 1402 1487 familiaritatiS,
1444 1407 1567 1473 sub
1612 1407 1742 1472 hiis
1787 1408 2119 1474 verbis.—

704 1514 742 1544 “
787 1509 1138 1591 Hem-icus,
1185 1509 1312 1576 Dei
1368 1510 1600 1596 gratia,
1664 1509 1812 1575 Rex
1854 1508 2120 1596 Angliae
2163 1515 2234 1576 et
2281 1512 2593 1592 Franoiae,
2640 1520 2709 1582 et
2731 1528 2896 1597 Roynl

606 1618 647 1648 «ε
693 1611 1023 1677 Dominus
1096 1611 1454 1690 Hiberniae,
1528 1609 1856 1676 universis
1916 1617 1986 1676 et
2047 1612 2326 1699 singulis
2393 1614 2701 1702 Regibus,
2732 1596 3009 1726 ffiggg„

609 1718 651 1748 “
693 1712 1121 1799 Principibus,
1153 1712 1468 1790 Ducibus,
1513 1712 2021 1789 MarehionibuS,
2056 1713 2448 1794 Comitibus,
2491 1718 2561 1783 N
2562 1719 2705 1784 obi·
2729 1731 2942 1793 granted
2963 1699 3031 1779 ω’

608 1821 645 1849 “
687 1813 879 1892 libus,
921 1814 1304 1892 Bai-onibus,
1353 1812 1678 1896 Dominis,
1722 1814 2257 1894 vicecomitibus,
2304 1817 2705 1905 CapitaneiS‚
2729 1796 2816 1845 ‘¹³⁸
2839 1793 3031 1846 Abbot.

611 1924 645 1953 “
689 1915 1096 1995 Castellanis,
1166 1916 1711 1995 Constabulariis,
1774 1917 2334 2004 gubernatoribus
2382 1920 2704 2004 vicorum,

615 2026 651 2054 “
692 2018 1184 2098 fortaliciorum,
1259 2024 1330 2084 et
1398 2019 1708 2085 omnibus
1770 2019 1917 2085 aliis
1963 2019 2192 2086 amieis
2250 2026 2320 2087 et
2378 2022 2713 2090 benevolis

615 2128 649 2156 “
694 2121 950 2202 nostris,
999 2143 1074 2187 ao
1117 2122 1378 2209 populis
1421 2121 1864 2208 cujuscunque
1909 2126 2144 2203 status,
2187 2123 2446 2210 gradus,
2502 2125 2717 2213 digni-

618 2231 654 2259 “
698 2225 878 2305 tatis,
922 2224 1460 2311 praeeminentiae,
1507 2246 1623 2290 seu
1668 2224 2092 2305 conditionis,
2124 2225 2394 2307 fuerint,
2424 2227 2512 2293 ad
2556 2251 2721 2314 quos

619 2334 657 2360 “
699 2332 1054 2413 praesentes
1083 2326 1327 2393 litterae
1357 2328 1805 2415 pervenerint,
1835 2327 2133 2393 salutem.
2229 2327 2401 2394 Cum
2444 2329 2725 2396 dilectus

621 2435 660 2464 “
702 2430 896 2495 nobis
939 2431 1011 2495 in
1061 2430 1327 2497 Christo
1356 2429 1588 2496 Abbas
1618 2430 2007 2497 Monasterii
2037 2429 2120 2495 de
2166 2429 2411 2496 Sancto
2441 2431 2724 2511 Albano,

619 2538 654 2566 ¹‘
699 2554 814 2620 pro
860 2532 1056 2598 oertis
1100 2533 1391 2619 negotiis
1435 2532 1885 2620 expediendis,
1917 2533 2004 2598 ad
2050 2531 2444 2619 longinquas
2489 2534 2721 2599 mundi

622 2644 655 2669 “
699 2639 922 2722 partes
980 2635 1228 2702 habeat
1293 2657 1363 2701 se
1423 2633 1796 2714 transferre,
1863 2634 2365 2701 universitatem
2427 2641 2718 2702 vestram

622 2744 657 2771 “
701 2737 1158 2823 multipliciter
1218 2737 1691 2816 honorabilem,
1737 2741 1806 2803 et
1850 2737 2214 2824 quemlibet
2260 2744 2559 2805 vestrum
2602 2760 2722 2826 per

623 2847 657 2874 ‘⁸
700 2862 787 2921 se,
833 2840 1161 2908 attentius
1206 2843 1275 2907 et
1318 2838 1640 2906 efficacius
1684 2860 1815 2925 quo
1869 2860 2229 2927 possumne,
2273 2846 2503 2907 tenore
2549 2864 2721 2929 prae-

623 2949 663 2978 “
703 2944 991 3009 sentium
1019 2943 1414 3030 requirimus
1444 2947 1516 3008 et
1544 2963 1870 3029 rogamuS,
1901 2946 2229 3028 quatenus
2274 2943 2554 3009 eundem
2585 2944 2723 3010 Ab·

625 3049 661 3080 “
702 3045 945 3123 batem,
990 3068 1138 3111 oum
1179 3047 1398 3132 ipsum
1442 3066 1560 3133 per
1603 3066 1824 3133 regna,
1856 3044 2203 3126 dominica,
2250 3051 2320 3112 et
2363 3050 2726 3133 potestates

621 3152 659 3182 “
703 3153 942 3228 vestra,
973 3169 1087 3213 seu
1115 3147 1391 3234 alicujus
1421 3152 1739 3227 vestrum,
1764 3148 2047 3213 transire
2077 3148 2449 3235 eontigerit,
2479 3155 2725 3215 nostrae

631 3256 666 3285 ‘⁸
710 3250 1080 3336 majestatis
1137 3249 1409 3328 intuitu,
1469 3253 1539 3315 et
1605 3249 1847 3315 harum
1909 3249 2286 3315 litterarum
2350 3256 2723 3316 nostrarum

627 3358 663 3388 “
709 3351 975 3438 speciali
1038 3352 1449 3433 interventu,
1503 3352 1895 3439 propensius
1956 3351 2560 3417 recommendatum
2613 3352 2727 3416 ha-

627 3461 666 3490 “
710 3454 1004 3520 bendum
1061 3454 1342 3520 eundem
1390 3455 1747 3533 Abbatem,
1796 3475 1948 3520 eum
2009 3453 2462 3534 familiaribus,
2524 3455 2727 3540 equis,

624 3565 661 3591 “
704 3557 911 3634 bonis,
941 3556 1281 3637 hernesiis,
1313 3561 1386 3623 et
1413 3556 1613 3622 rebus
1657 3556 1795 3622 suis
1823 3556 2340 3643 quibuscunque,
2375 3556 2726 3643 recipiatis,

628 3664 666 3694 “
711 3663 779 3723 et
829 3659 1002 3724 inibi
1059 3660 1320 3740 morari,
1383 3680 1500 3725 seu
1557 3680 1677 3745 per
1734 3659 1966 3726 eadem
2025 3679 2246 3746 regna,
2300 3659 2612 3742 dominia,
2658 3664 2728 3725 et

626 3769 662 3796 “
709 3765 1086 3847 potestates,
1133 3783 1282 3827 cum
1344 3760 1474 3827 sibi
1519 3761 1860 3850 placuerit,
1907 3761 2112 3827 libere
2172 3766 2244 3827 et
2300 3761 2547 3849 absque
2605 3762 2728 3827 im-

627 3869 665 3898 “
708 3863 1089 3950 pedimento
1134 3885 1250 3929 seu
1295 3864 1800 3951 perturbatione
1845 3885 2237 3950 quacunque
2295 3863 2526 3940 redire,
2582 3865 2728 3951 pe'r-

628 3972 669 4002 “
712 3965 1020 4043 mittatis,
1079 3964 1221 4030 sine
1280 3964 1612 4031 solutione
1671 3965 1860 4044 datii,
1928 3965 2212 4052 pedagii,
2280 3964 2542 4050 gabelli,
2610 3972 2731 4031 aut

632 4073 665 4101 “
710 4066 934 4152 aliqua
993 4067 1358 4154 aperitione
1417 4067 1859 4133 mantieamm
1904 4087 2022 4131 seu
2065 4065 2534 4145 hernesiorum,
2581 4088 2731 4132 neo-

629 4173 669 4204 “
713 4189 849 4234 non
893 4168 1153 4234 salvum
1210 4173 1282 4234 et
1340 4190 1642 4235 securum
1703 4168 2104 4235 conductum
2166 4166 2314 4246 sibi,
2358 4166 2415 4233 si
2473 4188 2733 4234 neeesse

631 4276 666 4304 “
711 4269 931 4349 fuerit,
976 4270 1114 4335 suis
1156 4271 1533 4357 sumptibus
1576 4270 1822 4337 habere
1849 4269 2150 4352 faciatis;
2196 4291 2333 4336 non
2376 4269 2734 4337 inferentes

631 4378 669 4408 “
713 4372 825 4451 eis,
856 4393 976 4438 nee
1020 4372 1513 4458 quomodolibet
1559 4372 1792 4439 inferri
1835 4374 2314 4460 permittentes
2349 4372 2421 4437 in
2449 4372 2735 4459 eorpori-

631 4481 667 4509 “
709 4473 837 4539 bus
894 4495 1010 4539 seu
1061 4474 1258 4540 bonis
1311 4475 1687 4554 eorundem,
1765 4474 2103 4554 damnum,
2166 4473 2736 4559 impedimentum,

629 4581 670 4614 “
714 4574 1121 4655 violentiam,
1167 4576 1500 4663 injuriam,
1543 4575 1939 4656 molestiam,
1970 4595 2089 4641 seu
2132 4595 2529 4660 gravamen;
2574 4575 2737 4660 quin

628 4685 664 4714 “
710 4677 952 4765 potius,
1015 4677 1073 4743 si
1133 4683 1392 4766 egeant,
1452 4679 1547 4745 eis
1606 4677 1682 4743 in
1742 4697 1969 4743 eorum
2040 4674 2313 4763 agendis
2357 4677 2739 4744 ministrare
