3467 5717
551 1097 686 1149 A.D.
718 1103 859 1149 1433.

548 1187 739 1239 Verses
760 1190 846 1239 ad-

552 1255 754 1305 dressed
773 1256 843 1322 by

544 1321 628 1372 the
650 1324 828 1373 Abbot

545 1396 600 1440 to
623 1388 747 1440 him.

895 885 1024 951 366

1561 894 1880 949 ANNALES
1922 894 2346 950 MONASTERH

975 1089 1012 1120 “
1061 1084 1205 1149 Lex
1251 1085 1628 1150 detestatur
1670 1084 1849 1171 quod
1882 1083 2095 1170 judex
2139 1105 2292 1172 pars
2334 1082 2707 1165 habeatur;

975 1190 1011 1219 “
1060 1185 1080 1223 ¹
1104 1186 1238 1253 Sed
1280 1190 1378 1267 tu,
1427 1185 1799 1274 Radulphe‚
1830 1186 2100 1274 pudeat,
2142 1186 2323 1273 quod
2364 1206 2435 1252 es
2478 1206 2654 1252 unus
2695 1189 2995 1272 uterque.

978 1293 1015 1323 “
1061 1288 1223 1354 Pars
1267 1293 1371 1354 881
1412 1288 1692 1376 pecunia
1735 1289 2033 1356 mercede
2076 1293 2375 1356 retentus
2418 1288 2666 1375 iniqua,

977 1395 1013 1426 “
1059 1390 1307 1457 Censor
1348 1390 1436 1456 ab
1480 1390 1709 1473 officio,
1756 1390 1890 1457 duo
1933 1395 2095 1457 sunt
2137 1389 2281 1458 haec
2325 1390 2529 1457 obvia.
2560 1390 2767 1476 justo.

974 1492 1103 1558 J
1104 1497 1292 1559 ustus
1335 1492 1514 1559 enim
1557 1492 1800 1581 pariles
1843 1498 2031 1560 tenet
2074 1492 2457 1560 curvamine
2498 1493 2735 1573 1811888,

995 1594 1104 1659 J
1105 1595 1438 1682 udicnque
1481 1617 1760 1682 precem,
1804 1596 2098 1684 pretium
2143 1594 2362 1682 rejicit
2407 1615 2538 1681 que
2580 1593 2890 1661 favorem.

973 1695 1361 1783 “Pupillis,
1406 1697 1647 1780 viduis,
1695 1698 1904 1765 servis
1946 1696 2353 1784 miserisque,
2398 1697 2754 1784 magistus,

971 1805 1006 1832 “
1051 1797 1371 1866 Praesidet
1413 1800 1692 1886 aequalis
1734 1800 1847 1866 lex
1890 1801 2048 1878 haec,
2091 1800 2203 1866 lex
2236 1799 2591 1887 judicialis.

973 1905 1008 1936 “
1056 1900 1238 1967 Hinc
1280 1900 1449 1968 bene
1483 1902 1821 1989 justitiam
1848 1903 2133 1984 surdam,
2164 1922 2407 1969 coecam
2449 1921 2731 1989 quoque,
2761 1896 2789 1938 ²
2806 1920 2993 1965 man-

1061 2007 1100 2038 “
1143 2025 1303 2083 cam,

973 2109 1010 2141 “
1053 2104 1396 2173 Dixerunt
1439 2112 1711 2188 veteres,
1759 2111 2031 2196 propter
2072 2107 2284 2173 dictas
2325 2104 2633 2173 rationes.

972 2213 1010 2243 “
1054 2207 1288 2275 Nescit
1330 2210 1533 2276 surda
1573 2231 1853 2298 precem,
1893 2232 2015 2276 nec
2057 2209 2271 2276 cernit
2313 2228 2491 2275 coeca
2531 2210 2894 2295 potentem,

969 2316 1005 2345 “
1053 2310 1291 2377 Manca
1333 2333 1667 2400 manuque
1698 2317 1896 2395 88181,
1928 2334 2063 2399 qua.
2100 2331 2376 2378 munera
2403 2309 2727 2398 prendere
2753 2314 2987 2397 posset.

974 2417 1012 2446 “
1058 2412 1256 2480 Hanc
1302 2435 1459 2502 ergo
1502 2416 1770 2498 recolas,
1814 2416 2005 2497 hanc,
2040 2413 2271 2501 judex,
2318 2434 2576 2501 semper
2615 2412 2914 2495 11888188,

974 2519 1011 2548 “
1056 2513 1103 2579 J
1105 2515 1453 2603 udicioque
1496 2539 1687 2583 suam
1731 2521 1989 2584 statuas
2032 2516 2163 2582 tibi
2204 2520 2430 2582 mente
2471 2515 2768 2604 figuram.

972 2620 1011 2650 “
1059 2616 1396 2705 Hesperus
1440 2620 1515 2683 in
1560 2619 1785 2701 stellis,
1833 2618 2268 2686 carbunculus
2311 2623 2417 2684 est
2459 2622 2530 2684 81
2572 2619 2649 2683 18
2688 2617 2848 2705 ipsis

971 2721 1009 2752 “
1056 2717 1222 2799 Quae
1267 2720 1492 2787 lucent
1532 2723 1833 2809 gemmis,
1875 2722 2167 2788 virtutes
2211 2720 2514 2809 praeterit
2555 2741 2797 2787 omnes.

970 2824 1010 2855 “
1055 2820 1276 2907 Ipsius
1319 2844 1475 2910 ergo
1516 2824 1704 2911 sequi
1749 2823 2102 2905 doctrinas,
2146 2829 2216 2890 81
2258 2821 2581 2889 moderari

973 2928 1009 2958 “
1055 2922 1420 3008 Convenit3
1448 2925 1522 2991 in
1549 2927 1823 3013 reliquis
1850 2926 2022 2993 118118
2049 2927 2315 2992 mittere
2342 2925 2431 2991 ad
2455 2923 2693 2989 intima
2718 2922 2985 2991 mentis.

972 3030 1009 3060 “
1055 3026 1102 3092 J
1104 3026 1282 3093 udex
1324 3049 1476 3094 cum
1520 3029 1763 3112 sedeas,
1808 3029 1867 3095 si
1910 3028 2170 3095 mobilis
2214 3048 2353 3095 esse
2394 3026 2656 3115 rogeris,

971 3133 1011 3163 “
1055 3129 1147 3194 Te
1191 3135 1459 3197 moveat
1501 3131 1732 3218 pietas,
1779 3131 1970 3197 docet
2012 3130 2156 3198 haec
2196 3135 2279 3196 ut
2320 3129 2717 3218 propitieris.

972 3235 1008 3265 “
1054 3230 1130 3297 Si
1173 3237 1488 3299 moneant
1535 3232 1668 3298 alia
1709 3232 1918 3315 favor,
1966 3237 2089 3299 aut
2132 3254 2334 3312 amor,
2377 3238 2499 3299 8111
2541 3252 2783 3298 manus
2824 3230 2984 3315 8118,

972 3338 1009 3368 “
1054 3332 1413 3401 0811118888
1456 3335 1774 3418 animum,
1820 3357 1958 3402 non
2005 3340 2111 3402 881
2144 3335 2259 3423 jus
2301 3334 2432 3401 11118
2476 3333 2876 3401 violandum.

972 3441 1008 3469 “
1054 3435 1211 3502 Sola
1253 3436 1412 3504 facit
1453 3436 1707 3503 licitam
1751 3437 1967 3524 pietas
2010 3459 2149 3504 rem
2192 3437 2417 3504 mobili
2425 3440 2652 3504 tatem.

971 3542 1008 3571 “
1052 3538 1101 3603 J
1101 3561 1209 3603 818
1251 3538 1383 3604 tibi
1426 3539 1668 3627 dogma
1712 3538 1867 3605 dedi
1909 3538 2147 3606 melius
2190 3539 2369 3627 quod
2412 3561 2614 3627 quam
2657 3538 2971 3618 didicisti,

970 3643 1009 3674 “
1054 3637 1322 3706 Discere
1365 3662 1544 3706 nunc
1586 3641 1835 3730 poteris
1877 3664 1951 3709 re
1995 3642 2322 3730 quomodo
2356 3640 2771 3727 justificabis,
2888 3654 2897 3659 '

969 3744 1008 3773 “
1051 3737 1101 3804 J
1100 3761 1180 3805 us
1216 3740 1517 3828 jurisque
1560 3747 1714 3810 tuos
1761 3765 2011 3812 errores
2054 3743 2337 3832 corriget
2381 3765 2621 3811 omnes.

970 3848 1004 3876 “
1048 3842 1179 3908 Ast
1223 3844 1381 3930 quia
1423 3843 1536 3910 lex
1579 3845 1835 3912 nullam
1880 3847 2142 3937 culpam
2186 3846 2476 3913 dimittit
2517 3845 2839 3926 1811118111,-

969 3948 1005 3978 “
1053 3943 1233 4011 Hinc
1275 3946 1614 4013 invectiva
1655 3948 1811 4015 volo
1856 3954 2009 4037 post
2050 3949 2194 4017 haec
2238 3948 2517 4016 scribere
2559 3970 2785 4037 pauca,

969 4053 1003 4084 “
1048 4044 1075 4086 3
1092 4047 1617 4138 Symbolicisque
1659 4054 1857 4117 tuum
1902 4051 1932 4092 ⁴
1949 4052 2204 4125 notulis
2249 4052 2633 4139 depromere
2673 4072 2932 4119 nomen.

968 4156 1003 4185 “
1050 4155 1066 4185 ‘
1091 4149 1195 4216 Ra
1216 4150 1441 4239 ’-rapis
1482 4152 1762 4233 assidue,
1812 4159 1830 4190 ‘
1853 4153 1970 4220 dul
1990 4153 2226 4221 '-deses
2270 4153 2506 4221 diceris
2549 4175 2706 4236 esse,

863 4262 894 4273 ⁴
970 4255 1007 4286 “
1056 4256 1074 4287 ‘
1095 4251 1236 4320 Phe
1259 4251 1333 4303 '-⁶
1351 4254 1740 4322 Phetonteis
1785 4260 1865 4322 ut
1908 4256 2169 4323 casibus
2214 4255 2621 4323 excrucieris.

967 4358 1003 4390 “
1053 4361 1069 4388 ‘
1093 4353 1297 4423 Grum
1318 4358 1624 4425 ’-crustas
1666 4357 1887 4447 inopis
1930 4357 2093 4442 edis,
2136 4363 2207 4426 et
2250 4359 2453 4426 micas
2490 4356 2855 4447 locupletis,

944 4641 961 4674 ¹
981 4641 1070 4692 Set
1087 4642 1143 4692 in
1165 4642 1282 4695 MS.
2043 4642 2067 4677 ⁴
2086 4642 2253 4696 notizie
2273 4643 2327 4695 in
2350 4644 2464 4697 MS.

941 4719 964 4752 ²
982 4719 1235 4771 maacham
1254 4722 1311 4772 in
1331 4722 1444 4774 MS.
2044 4722 2065 4755 ⁵
2089 4723 2352 4791 Correctly
2371 4727 2403 4756 “
2420 4722 2815 4777 Phaethonteis?

942 4796 965 4830 ³
989 4797 1352 4866 Simbolimluque
1371 4799 1427 4852 in
1448 4800 1564 4853 MS.
