3467 5717
1327 802 1570 852 SANC'I'I
1617 801 1890 852 ALBANI.
2552 793 2581 852 l
2594 792 2679 854 43

570 997 605 1027 “
648 990 903 1060 tionis?
993 990 1106 1056 Ad
1136 1013 1288 1078 quae
1315 991 1522 1058 verba
1550 991 1804 1059 relator
1846 989 2193 1057 subridens
2222 989 2677 1077 subjunxit,—
2704 1000 2838 1053 AD.
2869 1007 3011 1054 1423.

569 1098 607 1127 “
647 1092 754 1160 Ne
784 1095 1099 1174 timeatis,
1123 1094 1413 1161 Domine
1443 1094 1659 1175 Abba,
1690 1094 1901 1182 ipsius
1928 1093 2305 1160 inflationes
2332 1094 2406 1160 in
2434 1093 2673 1180 alique,
2702 1094 2815 1144 The
2838 1110 2965 1172 megs-

569 1200 603 1230 “
649 1197 807 1282 quia
835 1196 1146 1284 quamvis
1189 1219 1391 1286 supra
1433 1197 1705 1263 modum
1737 1198 1829 1264 sit
1857 1197 2192 1276 sollicitus,
2221 1219 2407 1263 suam
2452 1202 2678 1262 tamen
2702 1176 2979 1279 {gffffirtffi‘

569 1303 606 1332 ‘⁶
649 1298 1164 1365 sollicitudinem
1197 1299 1528 1387 castigans
1557 1300 2003 1386 castigaverat
2030 1299 2399 1382 Dominus3
2428 1299 2682 1387 etipse,
2704 1296 2883 1372 Abho}
2906 1297 3015 1347 ‘hat

571 1409 603 1434 “
646 1422 785 1467 non
844 1401 987 1467 sine
1045 1401 1259 1468 totius
1318 1422 1456 1468 suae
1515 1401 1812 1467 nationis
1876 1401 2139 1481 laetitia,
2185 1408 2524 1490 correptus
2581 1408 2683 1469 est
2707 1360 3002 1480 ἓῖὲῑιὲιιίἕξ

571 1506 607 1536 “
649 1502 993 1583 febribus;
1055 1503 1347 1590 jamque,
1415 1502 1699 1588 jubente
1768 1502 2079 1584 Domino,
2149 1509 2521 1571 cessaverat
2594 1503 2683 1569 ad
2710 1493 2831 1544 with
2852 1495 3004 1547 sever.

571 1608 608 1639 “
652 1608 915 1692 tempus
959 1605 1043 1671 de
1086 1610 1232 1670 tota
1273 1603 1720 1670 sollicitudine
1764 1604 1936 1672 sua.”
2028 1605 2224 1686 Quod
2252 1605 2483 1672 Abbas
2527 1627 2681 1672 con-

568 1704 831 1792 cipiens,
896 1706 1401 1795 intelligensque
1469 1707 1800 1793 quomodo
1862 1706 2036 1773 nihil
2096 1707 2173 1772 in
2233 1707 2532 1775 Concilio
2594 1707 2679 1774 de

567 1808 904 1894 praeterito
932 1813 1102 1874 esset
1144 1812 1386 1891 actum,
1417 1830 1632 1895 neque
1677 1831 1765 1875 ex
1792 1808 2141 1876 verisimili
2183 1808 2267 1875 de
2308 1810 2679 1898 propinquo
2705 1825 2876 1878 There

568 1911 910 1998 agendum,
935 1933 1054 1999 pro
1083 1914 1282 1977 tanto
1311 1911 1490 1998 quod
1518 1910 1546 1949 ¹
1563 1916 1923 1999 expectans
1951 1911 2347 1998 expectabat
2370 1912 2681 1998 Synodus
2704 1893 2856 2026 ἓξὲξ
2874 1911 3005 2012 ἔξω

572 2013 935 2080 Dominum
993 2013 1393 2080 Pontificem
1455 2013 1940 2092 descensurum,
1983 2014 2188 2102 coepit
2247 2013 2336 2079 ad
2390 2019 2684 2081 mentem
2708 2034 2759 2077 at
2780 2028 2867 2078 the

569 2115 877 2183 reducere
923 2116 1209 2203 qualiter
1253 2138 1374 2203 pro
1417 2120 1580 2182 tunc
1623 2138 1692 2182 se
1735 2121 1999 2204 tempus
2042 2116 2290 2184 obtulit
2331 2114 2358 2154 ²
2375 2121 2688 2204 opportu-
2710 2092 2995 2212 ἓζῑᾚῗξζω

571 2240 755 2296 num,
800 2239 934 2305 quo
991 2219 1066 2283 in
1111 2216 1159 2283 J
1161 2217 1404 2285 ubilaeo
1457 2224 1618 2284 tunc
1675 2218 1973 2283 instante
2031 2224 2252 2306 posset
2308 2240 2427 2305 pro
2472 2219 2687 2285 salute
2712 2226 3009 2305 determines

570 2321 814 2387 animae
857 2325 932 2387 et
973 2320 1208 2387 limina
1251 2319 1526 2387 visitare
1565 2319 1964 2407 Apostolica,
1995 2325 2066 2386 et
2109 2341 2295 2387 suam
2338 2342 2685 2408 personam
2709 2298 2909 2410 ζοέζῖῑ

572 2444 688 2488 suo
732 2423 1055 2510 superiori
1100 2422 1467 2505 ostendere,
1514 2443 1592 2489 ac
1634 2423 2167 2490 recommendare
2210 2445 2280 2490 se
2324 2428 2396 2491 et
2439 2446 2573 2492 sua.

657 2525 770 2591 Ad
796 2526 931 2591 iter
967 2525 1182 2614 igitur
1223 2525 1397 2591 illud
1440 2524 1740 2592 celeriter
1784 2547 1855 2592 se
1896 2525 2253 2614 disposuit;
2298 2525 2682 2613 priusquam
2709 2542 2797 2621 1123
2813 2541 2921 2593 first

574 2631 797 2693 tamen
840 2627 915 2692 in
958 2648 1153 2693 suum
1200 2626 1589 2693 ascenderat
1648 2649 1913 2714 equum,
1961 2627 2481 2695 Praesidentibus
2527 2628 2682 2695 reli-
2706 2616 2876 2726 ant?
2897 2618 2952 2659 ‘⁰

572 2730 788 2816 gionis
830 2729 904 2795 in
947 2728 1196 2817 anglia
1238 2728 1455 2817 apices
1497 2728 1619 2795 hos
1665 2729 2021 2798 direxit.—
2706 2690 2979 2793 ⁸132„th

664 2837 700 2868 u
728 2830 1235 2897 Venerabffibus
1307 2832 1384 2896 in
1458 2830 1725 2898 Christo
1814 2832 2122 2919 patribus
2195 2853 2273 2899 ao
2347 2832 2679 2913 Dominis,
2705 2808 2980 2940 3²23,ssss

580 2938 616 2969 “
659 2933 963 2999 Dominis
991 2934 1376 3001 monasticae
1404 2933 1743 3022 religionis
1772 2934 1845 3000 in
1862 2934 2111 3023 Anglia
2140 2935 2679 3016 Praesidentibua
2707 2940 2844 3005 land,
2868 2957 2924 2993 σε
2946 2950 3000 2993 to

555 3041 613 3097 .“
662 3057 817 3101 suus
859 3043 1260 3124 procurator,
1307 3036 1568 3104 utinam
1619 3041 1761 3104 tam
1822 3036 2056 3104 efficax
2114 3059 2313 3126 quam
2356 3036 2678 3119 assiduus,
2705 3008 3019 3125 ssffefffflffi

576 3146 614 3176 “
658 3138 706 3204 J
709 3138 1013 3220 ohannes,
1036 3140 1117 3206 de
1148 3138 1394 3207 Sancto
1424 3138 1689 3207 Albano
1710 3139 1957 3223 Abbas,
1988 3140 2063 3206 in
2084 3140 2359 3207 Senensi
2381 3139 2679 3208 Concilio
2705 3141 2904 3207 against
2920 3142 3005 3191 the

578 3247 618 3278 “
662 3241 957 3328 legitime
999 3243 1416 3325 constitutus,
1448 3241 1751 3310 Platonis
1789 3242 2212 3329 prudentiam
2240 3244 2314 3308 in
2342 3243 2678 3331 regimine,
2707 3208 2883 3260 Order.

576 3349 614 3379 “
660 3342 1154 3432 Salamonisque
1227 3345 1574 3411 scientiam
1633 3345 1710 3410 in
1769 3345 1953 3410 omni
2012 3349 2155 3411 tam
2214 3365 2409 3432 opere
2482 3365 2682 3431 quam

578 3452 614 3483 “
659 3468 971 3517 sermone.
1058 3446 1626 3514 Praehonorabiles
1670 3446 1963 3525 Domini,
2006 3450 2231 3534 patres
2275 3445 2566 3530 Ordinis,
2613 3448 2685 3511 et

577 3556 611 3584 “
655 3548 1266 3635 patroni—Multis
1311 3547 1616 3635 quamvis
1661 3548 2011 3636 pastoralis
2059 3570 2234 3615 curse
2306 3547 2682 3636 praepositis

577 3657 614 3687 “
660 3672 738 3715 ea
782 3672 918 3715 non
968 3651 1211 3736 absque
1271 3672 1532 3716 morum
1590 3650 1898 3717 barbarie
1956 3651 2188 3718 innata
2230 3651 2323 3717 sit
2366 3651 2677 3729 conditiO,

579 3758 615 3786 ‘²
662 3756 741 3817 ut
769 3751 994 3818 futura
1035 3751 1325 3838 pericula
1366 3773 1506 3818 non
1548 3752 1731 3839 prius
1775 3753 2157 3840 ponderent,
2192 3775 2391 3841 quam
2419 3754 2681 3841 gladius
2804 3831 2813 3839 ο

576 3860 612 3889 “
657 3853 1003 3920 immineat
1047 3853 1303 3937 vertici,
1351 3858 1423 3920 et
1465 3853 1552 3921 ab
1601 3855 1900 3922 hostibus
1943 3856 2074 3945 ipsi
2117 3856 2440 3943 captivati
2486 3857 2677 3936 fiant,

576 3963 614 3995 “
657 3958 787 4024 hiis
828 3963 1060 4025 tamen
1103 3979 1384 4046 quorum
1430 3959 1759 4046 sapientia
1799 3959 2150 4046 requiescit
2192 3960 2268 4023 in
2300 3958 2679 4035 visceribuS‚

576 4065 611 4095 “
657 4060 978 4146 quibusve
1029 4059 1390 4148 prudentia
1437 4060 1570 4126 oris
1614 4060 1878 4147 eloquia
1921 4059 2152 4147 dirigit
2194 4063 2315 4125 aut
2364 4057 2680 4124 informat

574 4167 615 4197 “
657 4166 862 4246 aetus,
909 4183 987 4228 ea
1036 4184 1189 4229 cum
1251 4162 1585 4229 virtutum
1638 4159 2014 4229 ³schemate
2076 4160 2320 4228 collata
2386 4164 2487 4225 est
2549 4160 2679 4225 dis·

577 4268 611 4299 “
656 4263 880 4347 cretio,
908 4267 993 4332 ut
1033 4262 1259 4333 arduis
1287 4264 1672 4354 priusquam
1700 4269 1983 4334 noceant
2008 4268 2265 4355 ponant
2308 4263 2577 4349 obicem,
2609 4266 2679 4330 et

577 4487 638 4495 ..-

644 4636 658 4668 ¹
683 4646 976 4704 exspectans
1018 4635 1336 4704 exspectabat
1372 4635 1589 4690 Sinodus
1746 4635 1769 4669 ²
1791 4642 2074 4701 oportunum
2095 4636 2149 4686 in
2170 4636 2286 4692 ΜΒ.

571 4715 624 4766 in
647 4715 761 4768 MS.
1743 4715 1766 4747 ³
1787 4723 1993 4766 scemate
2013 4715 2070 4765 in
2090 4716 2204 4767 ΜΒ.
