3467 5717
773 819 905 882 222
1443 828 1763 881 munus
1804 826 2224 881 momsmn

1423 1190 1597 1259 Acta
1640 1190 1851 1259 Awni
1894 1189 2203 1279 Septmi.

426 1439 737 1498 A.n.142s,7.
814 1413 1209 1484 ¹Processus
1253 1413 1620 1584 cujusdam}
1655 1413 1933 1584 Synossi
1976 1412 2005 1450 ⁹
2026 1413 2358 1484 celebratae
2399 1414 2489 1484 ‘im
2530 1414 2798 1485 ecclesia

1616 1515 1808 1586 ancti
1914 1516 2061 1585 etri.

424 1696 679 1747 Rumoure
850 1680 1065 1768 Lapso
1108 1700 1287 1746 anno
1336 1683 1548 1761 sext0,
1609 1683 1680 1745 et
1739 1679 2131 1747 succedente
2189 1680 2491 1769 septime,
2551 1682 2869 1770 surrepsit

424 1763 680 1879 {gcffffi‘
759 1781 940 1848 fama
996 1780 1220 1870 gravis
1279 1785 1511 1847 contra
1553 1780 1733 1847 viros
1793 1781 2015 1847 varios
2074 1804 2365 1849 seorsum
2424 1783 2498 1848 in
2558 1788 2869 1872 exempta

422 1895 614 1945 certain
625 1909 738 1959 per-
750 1883 1214 1970 jurisdictione
1243 1889 1740 1965 commorantes,
1772 1883 1963 1970 quasi
2007 1883 2153 1970 ipsi,
2195 1884 2281 1950 ad
2323 1884 2533 1950 instar
2559 1884 2865 1973 vulpium

424 1975 649 2091 {2322ss
663 2027 739 2078 in-
761 1986 788 2027 ³
811 1986 1213 2073 Sampsonis,
1257 1986 1456 2052 facies
1501 1985 1825 2052 haberent
1869 2007 2150 2065 aversas,
2197 1986 2314 2053 sed
2355 1991 2580 2052 tamen
2623 1987 2868 2053 caudas

426 2092 596 2144 imieal
616 2102 671 2144 to
762 2088 1101 2176 colligatas
1161 2088 1247 2154 ad
1321 2087 1651 2168 invicem3
1721 2087 1943 2174 sicque
2003 2110 2120 2175 per
2178 2110 2370 2176 agros
2428 2087 2868 2156 discurrentes

423 2160 722 2278 gftffissm
763 2191 1123 2257 dominicos
1189 2193 1589 2256 conarentur
1650 2188 2070 2256 Catholicum
2120 2212 2412 2279 granum
2471 2190 2867 2274 comburere,

425 2292 657 2357 religion.
763 2314 839 2359 ac
883 2293 1206 2359 radicitus
1251 2312 1565 2359 enervare
1611 2291 1830 2362 fidem.

427 2399 542 2451 The
565 2401 741 2479 Apbot
855 2395 1113 2476 Quibus
1171 2393 1482 2482 periculis
1550 2392 1781 2459 Abbas
1843 2394 2109 2461 ardenti
2170 2393 2396 2464 animo
2461 2396 2645 2464 viam
2704 2418 2869 2485 prae·

421 2467 718 2584 {fftffissoe
764 2497 1025 2563 cludere
1069 2497 1363 2584 cupiens,
1392 2495 1421 2534 4
1440 2494 1775 2583 publicare
1819 2495 1978 2563 fecit
2020 2519 2141 2585 per
2183 2502 2403 2564 totam
2444 2520 2633 2565 suam
2666 2499 2872 2585 juris-

423 2597 615 2678 85119d‚
638 2600 740 2650 and
763 2596 1119 2665 dictionem
1164 2602 1541 2685 exemptam
1586 2619 1657 2663 se
1701 2594 1873 2664 velle
1916 2598 1991 2663 in
2034 2620 2317 2687 persona
2354 2600 2616 2688 propria
2642 2601 2868 2687 proxi-

420 2666 711 2793 },Zrffifigthss
761 2723 941 2766 mam
1015 2705 1240 2766 tenere
1310 2698 1338 2735 ⁶
1357 2698 1730 2785 Synodum,
1794 2698 2018 2787 ibique
2072 2700 2195 2769 hos
2260 2701 2552 2793 singulos
2618 2723 2869 2769 errores

420 2800 700 2862 suspected.
762 2804 1099 2889 corrigere,
1148 2807 1218 2868 et
1261 2823 1564 2867 excessus
1608 2801 1692 2867 de
1736 2801 1980 2888 quibus
2009 2809 2130 2869 aut
2172 2803 2378 2870 clerus
2422 2810 2542 2871 aut
2584 2804 2869 2893 populus

759 2905 1202 2972 detectionem
1246 2903 1493 2970 scirent
1536 2925 1656 2991 pro
1701 2904 1845 2970 zelo
1887 2904 2045 2974 fidei
2088 2905 2317 2988 facere,
2363 2912 2482 2973 aut
2512 2907 2865 2994 querelam.

766 3006 984 3074 Citari
1028 3007 1233 3074 etiam
1268 3005 1476 3093 jussit
1517 3027 1835 3094 personas
1905 3005 2057 3073 illas
2120 3029 2271 3096 quae
2333 3009 2606 3074 stabant
2667 3014 2863 3074 nota-

756 3109 985 3178 biliter
1014 3113 1335 3198 suspectae
1365 3108 1448 3175 de
1478 3108 1752 3174 crimine
1780 3107 2069 3192 haeresis,
2102 3111 2324 3198 eisque
2353 3111 2529 3177 diem
2554 3108 2584 3149 θ
2606 3109 2868 3197 Synodi

758 3213 1047 3296 dederat,
1079 3213 1165 3279 ad
1209 3210 1718 3300 comparendum
1763 3214 1834 3277 et
1877 3213 2411 3301 respondendum
2451 3211 2584 3278 hiis
2612 3212 2729 3300 qui
2771 3212 2867 3278 eis

756 3315 1130 3403 objicienda
1171 3313 1392 3382 forent
1434 3334 1555 3400 pro
1607 3313 1936 3400 perversis
1995 3314 2419 3404 opinionibus
2463 3319 2551 3401 et,
2578 3313 2866 3381 erroneis

759 3418 1182 3507 dogmatibus
1225 3414 1377 3483 suis.

418 3506 733 3624 Ressffiffi
844 3520 973 3585 Die
1034 3518 1251 3608 igitur
1312 3516 1643 3599 veniente,
1693 3517 1991 3606 perrexit
2050 3518 2281 3587 Abbas
2343 3541 2493 3588 cum
2546 3517 2866 3585 fratribus

419 3639 497 3691 st„
521 3639 710 3691 Peter’s
753 3622 980 3704 variis,
1011 3627 1080 3688 et
1124 3620 1378 3687 familia
1421 3620 1584 3687 satis
1628 3621 1907 3709 copiosa,
1938 3622 2027 3689 ad
2057 3619 2084 3659 ⁷
2100 3623 2438 3690 ecclesiam
2469 3622 2699 3690 Sancti
2740 3622 2866 3688 Pe-

418 3706 626 3823 ξξἭ]
755 3724 887 3806 tri3
932 3723 1161 3809 ibique
1206 3721 1536 3789 celebrata
1589 3721 1797 3789 Missa
1854 3723 1929 3789 in
1976 3725 2486 3812 pontificalibus,
2533 3730 2604 3793 et·
2646 3729 2866 3813 Poste·

417 3839 595 3897 πωπω
630 3838 732 3888 and
756 3825 896 3892 rius
962 3829 1232 3892 cantata
1285 3823 1568 3890 Letania
1629 3831 1701 3891 et
1768 3823 1795 3863 θ
1814 3826 2104 3913 Hymno,
2125 3866 2216 3878 —
2242 3834 2279 3865 “
2310 3828 2500 3908 Veni,
2568 3828 2865 3907 Creator,

415 3904 703 4022 ξξᾶῇξξω
758 3934 792 3966 “
838 3925 1183 4016 Spiritus,”
1226 3926 1358 4014 legi
1402 3924 1575 4005 fecit,
1620 3930 1700 3993 ut
1745 3932 1848 3994 est
1904 3929 2125 4009 moris,
2185 3930 2553 4018 Synodales
2600 3929 2867 3997 Consti-

417 4038 505 4088 the
531 4037 630 4104 Sy·
755 4032 1071 4099 tutiones.
1164 4028 1424 4112 Quibus
1497 4028 1704 4110 lectis,
1782 4029 1871 4096 ad
1944 4037 2254 4120 rogatum
2329 4038 2399 4100 et
2471 4031 2866 4100 instantiam

415 4104 679 4224 &inuetitu-
754 4141 1135 4203 curatorum
1180 4131 1299 4220 qui
1341 4130 1731 4215 intererant,
1762 4152 1910 4199 eam
1957 4131 2529 4203 Constitutionem
2572 4156 2723 4222 quse
2765 4133 2868 4200 ita

820 4430 839 4464 ¹
862 4429 1130 4482 processus
1143 4425 1396 4494 enjusdam
1417 4423 1608 4490 Synodi
1626 4425 1768 4492 apud
1919 4418 1940 4450 ⁴
1952 4417 2216 4486 puplicae-e
2238 4418 2295 4471 in
2315 4420 2429 4473 MS,

755 4512 995 4562 Sanctum
1026 4508 1243 4561 Petram.
1266 4535 1334 4548 —
1357 4505 1763 4572 Sapei-scripum
1918 4496 1940 4532 ⁵
1966 4497 2204 4550 Sinodm
2222 4499 2279 4551 in
2299 4498 2416 4553 MS.

757 4598 813 4641 to
835 4590 984 4641 folios
1008 4591 1072 4641 72
1096 4589 1195 4640 and
1218 4590 1300 4640 73.
1921 4579 1944 4608 ⁸
1969 4575 2151 4629 Sinoda·
2169 4578 2226 4629 in
2244 4578 2364 4632 MS.

819 4667 842 4700 ²
862 4667 1097 4719 celebrati
1115 4667 1172 4718 in
1191 4666 1308 4719 MS.
1920 4652 1945 4694 ⁷
1967 4654 2065 4708 See
2083 4670 2216 4725 page
2242 4662 2303 4709 18
2324 4663 2459 4709 ante.

818 4745 840 4778 ³
861 4747 926 4798 In
948 4744 1162 4799 allusion
1182 4752 1240 4799 to
1260 4744 1455 4813 «Τιάραι
1475 4761 1561 4797 xv.
1583 4749 1635 4794 4.
1917 4734 1942 4769 ⁸
1973 4733 2161 4807 Ympno
2181 4736 2238 4791 in
2259 4736 2379 4791 MS.
