3467 5717
809 857 941 918 400
1460 863 1776 915 ANNALES
1820 859 2247 911 MONASTERII

468 1050 606 1100 ΑΒ·
634 1055 777 1101 ¹435·
810 1056 843 1087 “
889 1069 1173 1124 moneas,
1209 1069 1560 1116 monereve
1609 1046 1829 1125 facias,
1863 1045 2097 1133 primo,
2130 1041 2436 1121 secund0‚
2468 1044 2539 1107 et
2589 1040 2791 1106 tertio
2841 1061 2918 1105 ac

807 1160 845 1189 “
894 1151 1380 1238 peremptorie;
1454 1171 1618 1234 quos
1676 1148 2008 1214 Abbatem
2072 1151 2143 1211 et
2204 1145 2628 1210 conventum
2688 1149 2918 1207 tenore

810 1260 845 1289 “
889 1252 1320 1340 praesentium
1369 1251 1463 1316 sic
1510 1271 1871 1327 monemus,
1902 1254 1983 1314 ut
2017 1247 2195 1334 jura,
2225 1247 2507 1325 litteras,
2538 1244 2913 1331 scripturaS,

811 1361 847 1391 “
893 1359 963 1419 et
993 1353 1421 1431 munimenta,
1452 1372 1716 1417 causam
1771 1354 1840 1416 et
1870 1370 2097 1415 causas
2127 1348 2493 1436 praedictas,
2527 1351 2605 1412 ut
2652 1346 2916 1434 praefer-

810 1465 847 1492 “
892 1462 1019 1535 tur,
1069 1455 1433 1543 tangentia,
1465 1474 1665 1540 penes
1719 1474 1844 1530 eos,
1891 1457 1960 1517 et
2008 1451 2083 1515 in
2130 1471 2357 1516 eorum
2409 1448 2722 1514 custodiis
2775 1447 2918 1514 sive

753 1562 758 1567 ’
813 1565 849 1593 “
896 1556 1196 1638 archivis,
1229 1556 1606 1634 existentia,
1639 1575 1861 1619 coram
1890 1552 2099 1631 nobis,
2133 1557 2253 1617 aut
2283 1551 2417 1616 alio
2455 1551 2529 1616 in
2572 1550 2696 1616 hac
2724 1554 2917 1639 parte

811 1665 847 1695 “
895 1658 1340 1745 Compulsore‚
1386 1657 1529 1722 sive
1590 1656 1979 1733 Executore,
2024 1654 2094 1718 in
2170 1652 2464 1718 Ecclesia
2529 1651 2916 1718 Cathcdrali

811 1768 848 1796 “
893 1759 1122 1827 Sancti
1154 1758 1363 1836 Pauli,
1397 1758 1780 1836 Londoniis,
1810 1779 1933 1845 pro
1961 1755 2283 1822 tribunali
2314 1754 2715 1835 sedentibuS,
2748 1754 2919 1821 vice-

813 1871 847 1898 “
892 1862 1059 1927 simo
1089 1861 1371 1947 septimo
1413 1861 1518 1926 die
1560 1860 1806 1925 mensis
1856 1858 2108 1945 Aprilis
2156 1857 2455 1945 proxime
2508 1856 2751 1937 futuro,
2794 1856 2919 1921 sub

814 1971 850 1999 “
894 1963 1110 2051 poeuis
1158 1966 1230 2028 et
1267 1962 1560 2028 censuris
1606 1962 1681 2027 in
1729 1960 2188 2048 suprascriptis
2234 1959 2506 2026 Litteris
2537 1957 2920 2045 Compulso-

813 2074 847 2101 “
891 2067 1009 2130 riis
1039 2063 1444 2152 specificatis,
1469 2064 1674 2149 juxta
1696 2062 2104 2149 exigentiam
2135 2061 2491 2128 earundem
2516 2060 2921 2126 Litterarum

815 2174 854 2203 “
901 2164 1521 2254 Compulsoriarum,
1582 2164 1953 2251 producant
2005 2169 2076 2229 et
2134 2162 2513 2241 exhibeant,
2565 2161 2923 2248 producive

816 2276 852 2304 “
899 2290 1015 2334 seu
1046 2266 1358 2333 exhibere
1387 2265 1636 2331 saciant
1682 2265 1969 2346 realiter,
2000 2286 2151 2331 cum
2204 2264 2459 2330 effectu.
2549 2263 2733 2329 Cites
2763 2283 2917 2350 quo·

817 2378 854 2405 “
898 2391 1024 2456 que
1072 2370 1359 2455 insuper,
1408 2389 1523 2432 seu
1568 2366 1761 2433 citari
1807 2366 2009 2431 facias
2068 2365 2525 2453 peremptorie,
2571 2364 2923 2452 praedictos

817 2479 854 2508 “
900 2471 1259 2536 Ricardum
1290 2469 1655 2548 Whitman,
1688 2473 1760 2534 et
1790 2467 1932 2554 ejus
1962 2490 2254 2547 uxorem,
2285 2468 2463 2554 quod
2502 2472 2919 2554 compareant

816 2578 852 2607 “
897 2573 1195 2658 legitime
1247 2593 1464 2637 coram
1518 2569 1730 2651 nobis,
1765 2575 1884 2635 aut
1931 2569 2062 2635 alio
2111 2569 2541 2657 Compulsore
2591 2568 2923 2656 praedictO,

820 2682 856 2711 ‘⁶
901 2674 974 2737 in
1020 2673 1196 2739 dicta
1241 2672 1533 2738 Ecclesia
1578 2670 1962 2738 cathedrali
2007 2669 2237 2737 Sancti
2284 2670 2494 2749 Pauli,
2543 2670 2921 2749 Londoniis,

813 2781 849 2810 “
896 2775 1075 2840 dicto
1119 2773 1431 2840 vicesimo
1476 2773 1760 2860 septimo
1821 2772 1929 2838 die
1973 2772 2218 2838 mensis
2261 2772 2529 2859 Aprilis,
2574 2794 2722 2838 cum
2768 2793 2923 2838 con-

818 2884 851 2911 “
898 2875 1276 2941 tinuatione
1306 2879 1375 2941 et
1403 2875 1862 2961 prorogatione
1894 2874 2151 2940 dierum
2182 2881 2344 2940 tunc
2389 2875 2815 2960 sequentium,
2850 2879 2926 2938 et

816 2986 853 3013 “
899 2979 1208 3059 locorum,
1255 2999 1464 3064 usque
1508 2977 1594 3041 ad
1638 2976 1904 3042 finalem
1951 2977 2463 3063 expeditionem,
2506 2976 2642 3041 sive
2687 2997 2923 3041 execu-

817 3089 851 3117 “
896 3081 1165 3159 tionem,
1211 3079 1587 3166 hujusmodi
1633 3079 1885 3166 negotii
1934 3077 2393 3166 Compulsorii,
2429 3079 2601 3165 jura,
2643 3079 2922 3155 litteras,

820 3189 855 3217 “
902 3184 1278 3269 scripturas,
1323 3181 1689 3269 privilegia,
1737 3186 1807 3246 et
1852 3180 2284 3258 munimenta,
2329 3201 2762 3266 quaecunque,
2807 3201 2925 3266 per

816 3290 856 3320 “
902 3289 1155 3371 partem
1206 3283 1530 3349 dictorum
1574 3282 1862 3348 Abbatis
1907 3287 1976 3347 et
2021 3281 2405 3348 Conventus
2450 3303 2671 3347 coram
2716 3281 2923 3358 nobis,

820 3390 856 3421 “
900 3390 981 3450 ut
1042 3384 1406 3473 praefertur,
1473 3384 1862 3460 exhibenda,
1923 3383 2347 3463 extrahenda,
2396 3382 2925 3460 ¹transumenda,

819 3495 854 3524 “
901 3493 969 3553 et
1014 3486 1448 3573 producenda,
1496 3507 1752 3552 necnon
1796 3484 1928 3550 alia
1961 3485 2136 3571 jura,
2184 3490 2351 3566 acta,
2397 3485 2677 3565 litteraS,
2723 3485 2926 3571 scrip-

819 3597 853 3623 “
896 3593 1101 3666 turas,
1146 3609 1496 3674 processus,
1544 3593 1613 3652 et
1660 3587 2089 3668 munimenta,
2134 3606 2563 3674 quaecunque‚
2596 3609 2713 3673 per
2762 3587 2927 3652 alios

819 3695 858 3724 “
902 3708 1326 3774 quoscunque
1393 3710 1609 3753 coram
1674 3689 1880 3767 nobis,
1926 3694 2006 3755 ut
2071 3686 2437 3777 praefertur,
2488 3688 2924 3775 producenda,

819 3796 858 3824 “
903 3788 1333 3869 extrahenda,
1383 3786 1922 3868 ¹transumenda,
1968 3796 2038 3856 et
2082 3791 2475 3869 exhibenda,
2523 3791 2774 3871 visuri;
2818 3812 2924 3855 ea·-

822 3896 859 3927 “
904 3913 1033 3978 que
1070 3890 1292 3956 omnia
1320 3894 1392 3956 et
1425 3890 1705 3979 singula,
1740 3912 1816 3957 ac
1852 3913 2078 3957 eorum
2111 3893 2303 3980 signa
2346 3897 2417 3958 et
2446 3892 2684 3978 sigilla,
2714 3893 2926 3957 visuri

821 4001 860 4032 “
904 4000 973 4061 et
1016 3992 1439 4081 recognituri,
1472 3995 1558 4073 et,
1601 3992 1675 4058 in
1720 4014 1875 4059 casu
1920 4016 2051 4080 quo
2096 4000 2341 4081 negata
2369 3993 2641 4075 suerint,
2687 3994 2930 4081 proba-

824 4103 860 4131 “
906 4097 1121 4162 tiones
1167 4115 1586 4181 quascunque
1631 4094 1961 4182 legitimas
2005 4096 2077 4160 in
2124 4118 2203 4161 ea
2240 4100 2431 4182 parte
2461 4095 2924 4174 ministraturi,

825 4205 860 4234 “
906 4199 1105 4264 etiam
1153 4201 1356 4263 testes
1399 4218 1594 4283 super
1640 4196 1761 4262 hoc
1802 4196 2006 4283 recipi
2051 4202 2122 4263 et
2173 4197 2387 4282 jurari
2431 4197 2655 4276 visuri,
2703 4197 2931 4284 hujus—

822 4307 858 4336 “
906 4299 1214 4384 modique
1258 4297 1680 4384 producenda
1724 4302 1795 4362 et
1840 4297 2216 4364 exhibenda
2262 4318 2675 4385 quaecunque
2708 4322 2929 4365 coram

826 4409 864 4439 “
910 4401 1102 4466 nobis
1145 4400 1219 4465 in
1264 4398 1491 4465 debita
1523 4399 1697 4484 juris
1743 4399 1954 4463 forma
1997 4398 2024 4436 ²
2043 4401 2390 4479 transumi,
2438 4402 2810 4479 transcribi,
2857 4405 2930 4467 et

826 4512 862 4540 “
908 4501 1394 4590 exemplificari,
1440 4504 1644 4586 atque
1686 4500 1832 4587 ipsa
1877 4502 2240 4589 originalia,
2287 4504 2709 4589 producenda
2736 4503 2830 4569 sic
2858 4510 2931 4570 et

895 4760 908 4790 ¹
935 4756 1300 4810 wan-ommacio
1323 4756 1378 4808 in
1399 4755 1512 4809 Ms.
1868 4755 1880 4823 Ι
1971 4756 1993 4787 ²
2015 4756 2278 4806 transumi
2297 4754 2351 4806 in
2372 4754 2486 4808 MS.
