3467 5717
770 824 900 889 162
1422 830 1741 884 ANNALEs
1787 789 2214 881 Monsmn

441 1015 590 1063 A.D.
621 1018 749 1062 ¹⁴23
771 1025 807 1054 “
853 1042 939 1084 ex
969 1017 1263 1107 personis
1305 1016 1552 1082 eisdem
1581 1016 1873 1103 vagandi
1902 1020 1971 1083 et
2001 1011 2411 1079 discurrendi
2440 1012 2570 1080 sibi
2598 1011 2881 1078 faciliter

415 1133 419 1137 ’
774 1127 810 1159 “
855 1127 1131 1187 sumunt
1176 1119 1601 1200 occasionem,
1647 1140 1769 1205 pro
1830 1122 2020 1205 parte
2065 1121 2290 1182 vestra
2346 1115 2542 1181 nobis
2585 1114 2716 1181 fuit
2759 1115 2880 1179 hu-

776 1229 811 1260 “
857 1224 1107 1288 militer
1152 1222 1614 1309 supplicatum,
1663 1224 1744 1285 ut
1787 1219 1978 1285 vobis
2024 1223 2093 1285 et
2136 1218 2435 1306 personis
2477 1216 2641 1305 ipsis
2682 1237 2880 1304 super

775 1332 812 1361 “
855 1325 986 1389 hiis
1029 1323 1055 1362 ¹
1078 1328 1449 1410 opportune
1489 1322 1829 1389 consulere
1873 1325 2156 1408 paterna
2186 1319 2535 1407 diligentia
2573 1319 2877 1406 dignare-

778 1433 811 1460 “
859 1426 1257 1492 mun—Nos
1301 1425 1526 1512 igitur,
1556 1422 1937 1510 hujusmodi
1965 1421 2205 1489 vestris
2251 1421 2508 1489 devotis
2552 1421 2878 1509 supplica-

776 1534 813 1564 “
859 1527 1157 1595 tionibus
1194 1527 1516 1608 inclinati,
1564 1530 1645 1591 ut
1685 1526 1885 1592 liceat
1926 1520 2135 1603 vobis,
2165 1528 2236 1590 et
2265 1523 2536 1590 cuilibet
2563 1528 2878 1603 vestrum,

773 1637 813 1667 “
856 1631 1098 1697 habere
1122 1631 1330 1696 altare
1354 1628 1682 1717 portatile,
1706 1649 1857 1694 cum
1881 1627 2109 1693 debita
2130 1627 2504 1693 reverentia
2523 1630 2593 1693 et
2611 1626 2877 1704 honore,

778 1742 811 1769 “
856 1756 1051 1821 super
1080 1756 1210 1819 quo
1242 1733 1314 1797 in
1346 1729 1673 1797 Oratoriis
1717 1730 1858 1796 sive
1890 1729 2195 1816 Capellis‚
2230 1729 2375 1815 jam
2419 1728 2651 1795 erectis
2696 1734 2765 1794 et
2808 1727 2882 1790 in

776 1846 811 1874 “
857 1846 1195 1927 posterum
1240 1837 1588 1925 erigendiS‚
1619 1836 1929 1903 canonice
1971 1858 2122 1922 quae
2151 1836 2237 1902 ad
2264 1856 2384 1901 vos
2424 1839 2494 1901 et
2538 1835 2877 1901 Monaste-

778 1947 813 1975 “
858 1943 1034 2007 rium
1095 1941 1315 2027 ipsum
1369 1940 1558 2026 justo
1627 1938 1831 2005 titulo
1885 1939 2226 2025 pertinent
2290 1942 2360 2004 et
2423 1936 2878 2024 pertinebunt,

780 2048 815 2078 “
861 2043 1196 2108 duntaxat
1254 2063 1371 2128 per
1415 2063 1550 2121 VOS,
1606 2050 1726 2106 aut
1772 2040 1830 2106 si
1874 2040 2112 2120 forsan,
2162 2060 2547 2127 quacunque
2596 2037 2882 2103 infirmi-

781 2152 816 2182 “
859 2148 1001 2210 tate
1047 2144 1154 2210 vel
1200 2144 1350 2209 aliis
1394 2142 1711 2230 legitimis
1756 2142 2253 2230 impedimentis
2299 2140 2735 2222 obstantibUS,
2762 2160 2882 2226 per

783 2252 818 2281 “
861 2269 981 2312 vos
1027 2268 1163 2312 non
1207 2244 1556 2332 poteritiS,·
1580 2266 1656 2311 eo
1701 2267 1858 2311 casu
1904 2267 2020 2332 per
2066 2244 2274 2310 alium
2303 2243 2415 2309 vel
2442 2244 2605 2309 alios
2649 2240 2677 2280 ²
2705 2263 2881 2329 pres-³

782 2354 816 2386 “
859 2349 1128 2435 byteros
1173 2348 1462 2429 idoneos,
1510 2368 1674 2433 quos
1718 2348 1807 2414 ad
1852 2347 1975 2412 hoc
2025 2346 2357 2412 duxeritis
2400 2367 2520 2412 seu
2565 2344 2881 2410 duxerint

783 2457 817 2486 “
864 2450 1218 2537 eligendos,
1267 2449 1506 2515 Missas
1549 2454 1620 2514 et
1664 2449 1796 2516 alia
1839 2449 2075 2514 divina
2118 2446 2331 2513 officia
2373 2446 2751 2534 hujusmodi
2807 2445 2881 2509 in

782 2558 818 2586 “
863 2556 1086 2619 vestra
1153 2556 1224 2617 et
1284 2572 1705 2639 personarum
1771 2551 2256 2639 praedictarum,
2321 2571 2398 2615 ac
2460 2548 2881 2615 familiarium

783 2660 818 2688 “
861 2657 1254 2733 vestrorum,
1301 2653 1670 2739 praesentia,
1719 2653 2047 2719 celebrare
2092 2673 2210 2718 seu
2253 2651 2466 2718 facere
2525 2650 2837 2718 celebrari
2865 2674 2883 2730 3

784 2761 821 2789 “
864 2776 1119 2820 necnon
1165 2754 1357 2820 vobis
1402 2754 1840 2822 ecclesiastica
1886 2759 2299 2821 sacramenta
2355 2752 2756 2834 ministrare,
2815 2757 2885 2817 et

784 2862 821 2891 “
864 2857 938 2922 in
983 2879 1139 2923 casu
1191 2855 1508 2943 praedicto
1568 2857 1936 2922 ministrari
1980 2855 2210 2938 facere,
2256 2856 2594 2922 devotioni
2638 2859 2883 2921 vestrae

780 2965 815 2994 “
860 2965 1090 3026 tenore
1121 2958 1544 3046 praesentium
1574 2959 2032 3048 indulgemus3
2066 2959 2216 3045 jure
2247 2964 2468 3025 tamen
2495 2956 2888 3046 parochialis

781 3066 818 3095 “
865 3062 1168 3139 ecclesiae,
1214 3065 1285 3127 et
1342 3060 1694 3147 cujuslibet
1753 3062 2029 3127 alterius
2072 3059 2148 3125 in
2188 3061 2539 3149 praemissis
2582 3059 2887 3127 omnibus

783 3168 819 3197 “
866 3184 1119 3251 semper
1186 3162 1400 3229 salvis.
1493 3162 1685 3228 Nulli
1748 3185 1901 3252 ergo
1961 3163 2231 3230 omnino
2290 3164 2633 3231 hominum
2692 3164 2886 3233 liceat

784 3269 819 3300 “
862 3266 1034 3332 hanc
1099 3266 1412 3353 paginam
1471 3270 1718 3332 nostrae
1781 3266 2205 3332 concessionis
2249 3266 2626 3355 inffingere,
2671 3265 2782 3331 vel
2825 3264 2887 3330 ei

785 3373 821 3403 “
866 3390 1033 3435 ausu
1091 3369 1440 3435 temerario
1497 3367 1840 3436 contraire.
1930 3368 2006 3435 Si
2068 3368 2215 3455 quis
2273 3374 2500 3436 autem
2558 3372 2891 3436 attentare

787 3476 823 3505 “
867 3472 1374 3558 praesumpserit,
1436 3470 1963 3558 indignationem
2011 3465 2503 3559 omnipotentis
2591 3472 2738 3552 Dei,
2819 3474 2891 3535 et

789 3578 825 3607 “
869 3574 1226 3637 Beatorum
1268 3573 1454 3640 Petri
1483 3577 1553 3639 et
1582 3573 1795 3655 Pauli,
1829 3572 2302 3661 Apostolorum
2332 3574 2487 3661 ejus,
2518 3595 2587 3641 se
2616 3573 2889 3639 noverit

788 3677 824 3707 “
866 3673 1300 3739 incursurum.
1394 3674 1649 3741 Datum
1694 3676 1943 3756 Romae,
1991 3676 2171 3763 apud
2231 3676 2542 3744 Sanctam
2602 3675 2888 3741 Mariam

788 3779 825 3808 “
869 3774 1208 3860 Majorem,
1256 3775 1737 3843 tertio-decimo
1780 3777 2117 3846 Kalendas
2162 3777 2579 3863 Novembris,
2610 3776 2890 3846 Pontifi-

790 3876 827 3911 “
872 3882 1059 3944 catus
1101 3876 1314 3943 nostri
1358 3900 1536 3946 anno
1580 3879 1822 3946 sext0.'’

791 4138 1003 4207 Bulla
1046 4139 1128 4208 de
1164 4138 1460 4229 peovlmcze
1506 4139 1724 4209 valere
1767 4139 1857 4208 in
1889 4139 2491 4210 ecclesianam-mn
2520 4142 2894 4230 fructuum

457 4432 576 4482 Buu
882 4403 920 4433 “
952 4396 1301 4478 Martinus,
1346 4401 1724 4490 EpiscopuS,
1770 4423 1999 4470 servus
2058 4424 2401 4471 servorum
2447 4403 2595 4486 Dei,
2640 4403 2898 4471 dilectis

456 4501 669 4628 ᾗᾞεῒθᾱ
700 4501 768 4567 by
791 4509 827 4538 “
873 4502 1049 4584 filiis,
1087 4502 1342 4570 Abbati
1386 4509 1456 4571 et
1501 4504 1883 4572 conventui
1930 4507 2319 4574 Monasterii
2363 4506 2597 4575 Sancti
2627 4506 2895 4588 Albani,

863 4745 878 4776 ¹
901 4753 1139 4810 (portuno
1159 4748 1213 4798 in
1238 4748 1349 4801 MS.
1845 4748 1855 4814 Ι
1947 4748 1969 4778 ²
1984 4747 2286 4813 presbiteros
2302 4748 2357 4799 in
2379 4747 2495 4800 MS.
