3467 5717
1323 826 1568 879 suen
1613 825 1887 878 ALBANI.
2525 816 2651 876 115

548 1021 587 1051 “
632 1012 1101 1091 voluntariam,
1176 1018 1247 1080 et
1319 1036 1519 1100 quam
1607 1012 1951 1080 commode
2040 1011 2300 1077 differre
2375 1010 2650 1099 possint,
2678 1021 2814 1072 AJ).
2849 1026 2995 1075 1423.

549 1122 584 1151 “
629 1122 914 1199 exeant;
980 1115 1002 1155 ¹
1024 1117 1142 1182 sed
1187 1116 1455 1194 ibidem,
1499 1121 1583 1182 ut
1628 1116 1958 1203 accipiant
2021 1134 2342 1193 coronam,
2387 1136 2429 1180 a
2471 1114 2652 1202 prin-

544 1228 577 1255 “
622 1221 794 1308 cipio
837 1241 1049 1308 usque
1093 1219 1171 1285 in
1220 1219 1427 1285 finem
1461 1219 1721 1307 jugiter
1763 1222 2200 1306 perseverent.

635 1330 670 1358 “
694 1322 905 1389 Sexto
935 1343 1129 1389 :—ne
1174 1322 1517 1393 saeculares
1560 1321 1747 1399 ullos,
1794 1325 2040 1407 praeter
2085 1318 2396 1408 hospites,
2442 1340 2658 1386 secum

550 1432 587 1462 “
632 1425 709 1491 in
769 1425 1233 1492 dormitorium
1301 1425 1563 1503 ducant,
1609 1427 1731 1490 aut
1798 1422 2054 1489 intrare
2112 1423 2527 1510 permittant,
2591 1421 2663 1486 in

551 1536 588 1566 “
635 1538 981 1615 quantum,
1027 1527 1229 1594 salvis
1286 1526 1519 1592 mediis
1564 1524 1745 1613 pacis
1789 1528 1861 1590 et
1922 1524 2309 1607 honestatis,
2355 1523 2659 1591 resistere

549 1637 585 1666 “
631 1636 755 1696 aut
797 1629 1249 1697 contradicere
1291 1651 1377 1696 ex
1421 1627 1632 1694 officio
1675 1625 1964 1693 valent.''

550 1905 647 1972 De
693 1906 999 1974 brevibus
1048 1905 1406 1974 mittendas
1457 1904 1552 1973 acl
1608 1904 1845 1987 Gella-s,
1880 1912 1940 1973 et
1981 1905 2062 1973 de
2105 1903 2657 1973 remuneratione

766 2008 1700 2097 &contorum—Capitulum
1727 2006 2443 2096 quartum-decimum

646 2162 1051 2241 “Praeterea,
1095 2168 1361 2251 quarto·
1339 2163 1638 2230 -decimo
1642 2162 1840 2229 ——Ut
1885 2162 2128 2229 ultima
2185 2162 2466 2229 fratrum
2512 2183 2660 2228 cum
2687 2170 2954 2237 Regulatio
2955 2186 2990 2220 n

556 2271 594 2300 “
639 2264 889 2352 pietate
947 2265 1259 2333 dormitio
1319 2270 1622 2332 sanctam
1677 2286 1755 2332 ac
1800 2265 2160 2353 repositam
2209 2265 2454 2331 habeat
2511 2286 2656 2353 gra-
2687 2322 2863 2370 „mg
2849 2268 2972 2355 ’the

555 2373 592 2403 ‘⁸
638 2368 820 2445 tiam,
868 2389 990 2433 nec
1032 2367 1431 2435 fraudentur
1474 2368 1876 2434 decedentes
1914 2366 2229 2455 obsequio
2273 2368 2370 2433 eis
2415 2367 2662 2445 debito,
2689 2372 2902 2451 „ending
2924 2370 2983 2420 of

558 2477 594 2506 “
640 2469 1020 2535 ordinatum
1064 2477 1186 2552 est,
1234 2475 1304 2537 et
1349 2469 1727 2537 districtius
1758 2471 2252 2550 demandatum,
2299 2475 2379 2537 ut
2422 2475 2664 2559 praeter
2687 2441 2776 2555 {he
2749 2439 2953 2565 ¹²25}

560 2579 594 2608 “
637 2571 753 2637 illa
796 2571 1031 2638 brevia
1074 2594 1225 2658 quae
1272 2572 1533 2639 Cantor
1572 2576 1846 2639 tenetur
1888 2595 2008 2660 per
2066 2573 2503 2659 proximiores
2560 2572 2661 2637 in-
2688 2571 2805 2635 οῦκ)
2807 2569 2954 2635 ining

560 2682 591 2709 “
636 2675 1016 2743 ternuncios
1078 2676 1168 2741 ad
1212 2675 1428 2742 Cellas
1470 2675 1760 2754 mittere,
1807 2697 1984 2741 nova
2028 2674 2176 2741 alia'
2204 2696 2282 2741 ac
2348 2641 2722 2763 specialiad
2688 2705 2768 2755 so,
2723 2636 3010 2755 uesssgnce

562 2789 593 2817 “
637 2783 898 2860 iterum,
974 2804 1127 2848 cum
1200 2782 1580 2849 nominibus
1671 2802 1917 2860 eorum,
1992 2803 2070 2848 ac
2141 2783 2663 2871 cognominibus,
2689 2772 2850 2823 Μ
2922 2806 2926 2811 ·

563 2890 597 2919 “
639 2885 925 2951 ecclesiae
984 2884 1327 2967 brevitori‚
1375 2885 1683 2972 quotiens
1744 2906 1892 2952 cum
1936 2885 2252 2953 brevibus
2310 2887 2669 2953 communi-

565 2994 600 3021 “
644 2987 769 3053 bus
812 2986 1117 3053 exiturus
1160 2986 1381 3066 fuerit,
1428 3008 1685 3076 semper
1725 2978 1953 3054 tradat
1981 3013 1998 3069 3
2045 2988 2302 3075 sibique
2345 2993 2488 3054 tam
2531 2990 2673 3074 ipse

563 3096 600 3125 “
650 3089 921 3170 Cantor,
970 3110 1170 3177 quam
1213 3090 1523 3177 proprius
1565 3089 1902 3177 magister,
1950 3090 2303 3178 diligenter
2345 3090 2671 3179 injungat,

570 3200 604 3226 ‘¹
653 3196 1003 3276 quatenus,
1049 3210 1247 3278 quam
1317 3192 1451 3258 cito
1518 3192 1788 3279 poterit,
1833 3210 1912 3257 ea
1955 3192 2043 3258 ad
2102 3192 2317 3260 Cellas
2376 3192 2673 3273 deferat3

568 3301 605 3328 “
653 3292 741 3358 ad
795 3294 969 3360 hunc
1011 3293 1230 3375 finem,
1276 3299 1376 3373 ut,
1424 3296 1483 3360 si
1526 3294 1716 3381 prius
1778 3293 2011 3360 debita
2052 3315 2172 3382 pro
2223 3295 2505 3361 mortuis
2564 3295 2674 3359 ob·

568 3404 603 3431 “
647 3397 876 3483 sequia
940 3417 1078 3462 non
1137 3397 1603 3485 impenderint,
1654 3418 1778 3484 pro
1823 3400 1988 3462 tunc
2035 3396 2313 3462 tandem
2376 3417 2668 3462 securam

568 3504 607 3534 “
652 3497 942 3564 habeant
998 3499 1315 3565 notitiam
1373 3521 1497 3587 pro
1558 3499 1802 3587 quibus
1866 3498 2117 3566 solvere
2175 3498 2461 3579 habent;
2528 3519 2676 3564 cum

567 3609 599 3636 “
646 3601 775 3666 hiis
817 3601 1226 3683 instituitur,
1269 3605 1352 3667 ut
1394 3602 1485 3668 ad
1529 3600 1852 3670 evitanda
1894 3607 2036 3668 tam
2080 3601 2436 3690 opprobria
2478 3622 2672 3689 quam

567 3709 599 3739 “
645 3703 968 3789 obloquia,
1015 3725 1165 3791 quae
1200 3703 1460 3791 saepius,
1507 3710 1779 3792 propter
1842 3703 2085 3769 exilem
2128 3712 2472 3791 artemque
2532 3703 2677 3770 bre-

568 3812 602 3841 “
648 3805 943 3871 vitorum
986 3807 1606 3890 remunerationem,
1648 3806 1900 3893 'ubique
1945 3828 2063 3894 per
2091 3824 2370 3896 regnum
2399 3808 2678 3894 vulgata

568 3912 603 3942 “
649 3913 853 3975 erant.

656 4008 829 4075 “De
872 4013 1133 4090 caetero,
1192 4032 1347 4077 cum
1390 4012 1477 4078 ad
1538 4011 1662 4080 hoc
1719 4012 2201 4078 monasterium
2263 4012 2675 4092 accesserint,
2699 4019 3002 4089 Reguintion

565 4116 604 4144 “
647 4115 889 4198 praeter
930 4111 1003 4177 id
1062 4113 1242 4199 quod
1285 4113 1361 4178 in
1401 4132 1575 4201 pane
1618 4109 1760 4179 et¹
1778 4113 2058 4179 cervisia
2108 4113 2325 4179 solent
2370 4113 2677 4199 accipere,
2702 4089 3019 4207 ξωῑξιζξῖῃ

571 4217 605 4246 “
652 4212 933 4279 ulterius
976 4234 1020 4279 a
1064 4214 1469 4301 coquinario
1515 4215 1928 4296 Conventus,
1958 4237 2079 4304 pro
2124 4238 2243 4282 suo
2287 4214 2527 4295 eduIiO,
2557 4219 2678 4280 aut
2704 4223 2765 4274 of
2779 4223 2866 4273 the

568 4320 603 4350 “
648 4312 969 4381 ferculum
1041 4312 1397 4383 honestum
1462 4322 1584 4384 aut
1643 4316 1986 4401 sufficiens,
2055 4323 2181 4386 aut
2245 4317 2539 4385 valorem
2605 4318 2682 4382 in
2705 4288 2966 4341 '’¹'‘an

565 4421 607 4451 “
651 4417 964 4503 pecuniis,
1010 4418 1359 4507 recipiant,
1427 4441 1655 4500 unum,
1724 4420 2053 4501 videlicet,
2124 4408 2493 4502 denarium,
2562 4441 2685 4507 pro

570 4521 605 4553 “
649 4520 1062 4607 temporibus
1096 4521 1243 4606 jam
1287 4521 1587 4589 futuris.”

634 4746 651 4779 ¹
673 4747 823 4798 setin
845 4748 959 4801 MS.
1629 4760 1643 4819 f
1739 4751 1761 4784 2
1782 4752 1990 4802 servicia
2015 4753 2067 4802 in
2097 4752 2210 4803 MS.
