3467 5717
1350 824 1597 877 simon
1643 825 1918 877 Anum.
2556 813 2682 876 255

573 1015 811 1101 gravis,
904 1013 1324 1082 Vendicabat
1379 1013 1616 1100 utique
1675 1015 2109 1101 praedecessor
2167 1034 2343 1095 suus,
2388 1014 2475 1081 ad
2533 1035 2686 1102 eug-
2712 1030 3022 1089 nauem.

573 1117 939 1204 gestionem
1014 1116 1311 1203 ipsorum
1387 1116 1505 1202 qui
1580 1117 1952 1201 loquuntur
2015 1116 2391 1183 voluntarie
2465 1116 2687 1205 potius
2711 1142 2946 1209 Κῃοῃςε,
2969 1160 3024 1194 as

576 1240 778 1304 quam
840 1219 1206 1285 secundum
1266 1219 1616 1299 rationem,
1664 1217 1907 1284 habere
1967 1218 2218 1284 ibidem
2277 1218 2688 1306 fugationem
2712 1217 2773 1327 t}
2790 1211 2939 1328 3322

576 1320 969 1387 animalium
1028 1321 1100 1384 in
1164 1320 1520 1408 integrum,
1566 1320 1641 1386 in
1684 1320 2104 1407 solidumque
2164 1322 2452 1408 recipere
2497 1343 2689 1388 omne
2715 1293 2769 1393 {³11
2793 1343 2878 1395 the

575 1423 755 1508 quod
820 1423 978 1489 inde
1045 1423 1334 1489 accrevit
1403 1420 1421 1457 ¹
1450 1422 1868 1487 commodum
1930 1423 2073 1488 sive
2126 1427 2540 1510 proventum.
2633 1424 2690 1488 E
2715 1410 2949 1542 ξξὲξῗῗ

578 1525 906 1591 contrario
937 1547 1111 1606 vem,
1144 1525 1521 1591 clamitavit
1565 1523 1786 1589 dictus
1815 1524 2123 1589 dominus
2154 1524 2396 1591 habere
2444 1525 2690 1590 ibidem
2713 1544 2919 1609 hangre.

576 1628 854 1715 singulis
899 1627 1170 1693 alternis
1213 1627 1408 1692 annis
1470 1625 1925 1713 fugationem3
1989 1626 2232 1713 sicque,
2276 1632 2356 1693 ut
2400 1628 2542 1716 ipse
2585 1650 2691 1694 as-

575 1732 799 1811 seruit,
862 1730 1105 1795 habere
1171 1728 1531 1807 consuevit,
1582 1733 1653 1794 et
1697 1750 1819 1815 pro
1864 1728 1989 1795 hac
2033 1751 2154 1795 sua
2212 1730 2690 1796 consuetudine

575 1832 892 1919 allegavit
934 1831 1273 1897 recordum
1320 1831 1534 1898 totius
1590 1832 1846 1917 patriae,
1891 1831 2264 1918 scriptaque
2308 1837 2378 1898 et
2423 1833 2689 1899 eviden-

576 1933 707 2000 tias
752 1955 914 2018 quas
959 1934 1139 2021 apud
1184 1955 1252 1999 ee
1313 1934 1388 1998 in
1447 1933 1852 1999 Monasterio
1919 1933 2209 2000 habebat
2262 1935 2406 2020 jam
2476 1936 2691 2002 dictus

581 2036 851 2117 Abba33
909 2035 1134 2120 sicque
1192 2056 1308 2123 per
1356 2056 1565 2101 annos
1611 2040 1682 2102 et
1727 2056 1936 2102 annos
1996 2036 2332 2122 pendebat
2393 2037 2692 2104 clamita·

579 2140 781 2207 tionis
810 2140 1264 2220 contrarietas,
1297 2138 1547 2224 absque
1591 2138 2047 2225 pacificatione
2077 2139 2256 2205 inter
2283 2161 2406 2207 eos.
2500 2141 2691 2221 Quod
2715 2146 2891 2196 Abbot

579 2241 809 2307 Abbas
871 2241 917 2307 J
921 2241 1213 2307 ohannes
1280 2240 1678 2340 intelligenS,
1743 2246 1814 2306 et
1878 2243 2058 2307 inter
2123 2241 2258 2307 alia
2324 2243 2539 2329 primo
2602 2245 2689 2311 acl
2716 2212 2968 2330 gei-infiat?

579 2345 965 2410 memoriam
1009 2343 1338 2423 reducem,
1371 2342 1696 2430 quomodo
1742 2344 1961 2411 dictus
2007 2344 2313 2410 dominus
2359 2346 2441 2412 de
2472 2347 2690 2433 Mym-
2718 2354 2771 2395 ‘0
2796 2346 2939 2424 set-tle

581 2469 729 2534 mys
774 2447 1082 2512 dominus
1113 2452 1256 2513 erat
1285 2445 1359 2510 in
1389 2446 1696 2533 operibus
1741 2450 1992 2533 potens,
2025 2449 2098 2513 in
2144 2449 2451 2536 operibus
2499 2451 2692 2516 valde
2717 2411 2926 2543 {zaun-

580 2550 886 2630 subtilis3
933 2549 1237 2629 secundo,
1274 2548 1602 2636 quomodo
1632 2553 1867 2615 contra
1911 2549 2115 2616 talem
2162 2548 2501 2617 dominum
2548 2574 2692 2638 poe-

582 2659 682 2720 set
727 2653 810 2717 de
854 2650 1035 2717 facili
1094 2651 1494 2717 commoveri
1553 2651 1891 2738 placitum,
1940 2653 2056 2718 sed
2113 2674 2531 2739 nequaquam
2593 2656 2691 2720 ita

581 2755 862 2821 faciliter
905 2754 1192 2845 obtineri
1235 2754 1520 2820 victoria
1562 2761 1797 2821 contra
1841 2775 2032 2836 eum3
2078 2755 2280 2822 tertio
2326 2777 2498 2837 vero,
2530 2779 2688 2844 quo-

584 2858 778 2925 modo
839 2879 942 2922 res
1000 2857 1163 2922 satie
1232 2855 1396 2922 levis
1448 2857 1646 2944 pretii
1705 2856 1940 2936 fuerat,
1987 2879 2107 2944 pro
2167 2880 2301 2944 qua
2354 2861 2694 2926 contentio

584 2962 760 3027 inter
802 2965 1025 3047 partes
1068 2963 1396 3025 commota
1440 2964 1599 3039 erat,
1648 2958 2048 3026 deliberavit
2106 2962 2436 3026 maturius
2495 2983 2694 3050 penes

585 3087 654 3130 se
720 3064 883 3149 quid
940 3068 1161 3149 posset
1221 3062 1482 3129 cautius
1540 3061 1989 3128 consultiusve
2049 3084 2168 3148 pro
2242 3063 2694 3149 pacificatione

586 3168 792 3254 ipsius
836 3165 1299 3247 contentionise,
1339 3165 1590 3251 absque
1634 3163 2064 3230 ulterioribus
2108 3166 2500 3254 sumptibuS,
2547 3188 2696 3233 con-

586 3269 841 3357 cipere;
885 3269 1286 3354 tandemque
1331 3266 1741 3347 concludens,
1774 3266 2235 3352 alloquebatur
2278 3290 2446 3346 eum,
2479 3267 2504 3306 ²
2520 3268 2696 3354 apud

587 3372 951 3437 manerium
1015 3371 1099 3437 de
1160 3370 1635 3458 'I'ytenhangre
1692 3390 1816 3456 pro
1875 3373 2039 3436 tunc
2097 3375 2508 3457 praesentem,
2573 3371 2694 3436 sub

588 3476 713 3540 hac
755 3475 1108 3539 verborum
1154 3473 1320 3539 serie
1342 3498 1455 3538 2—-

680 3583 717 3612 “
748 3574 1141 3664 Spectabilis
1205 3576 1509 3655 Domine,
1575 3579 1646 3640 et
1712 3580 1906 3663 pater
1966 3580 2376 3663 praemature.
2395 3614 2485 3627 —-
2503 3576 2695 3644 Illius
2723 3602 2805 3652 He
2829 3600 2916 3651 ad·

590 3686 629 3715 “
676 3680 980 3765 quamvis
1040 3700 1269 3744 sensus
1330 3677 1618 3743 hominis
1662 3700 1799 3743 non
1858 3678 1951 3744 sit
1997 3679 2067 3744 in
2110 3700 2178 3745 ee
2223 3678 2506 3746 multum
2553 3680 2694 3747 lau·
2720 3670 2916 3718 <irenses

591 3789 627 3817 “
674 3781 931 3861 dabilis,
979 3781 1095 3866 qui
1154 3779 1398 3846 cotidie
1463 3784 1693 3846 contra
1756 3782 2087 3868 proximos
2149 3804 2356 3848 novae
2417 3790 2696 3850 conatur
2721 3734 2938 3852 {affige

591 3892 626 3921 “
673 3884 1006 3970 concipere
1049 3883 1558 3964 molestationee,
1589 3905 1724 3949 non
1770 3887 1872 3949 est
1915 3888 2140 3951 tamen
2185 3886 2447 3952 animus
2489 3888 2696 3974 ipsius
2721 3867 2999 3985 {fflfff‘f’m

593 3994 628 4023 “
674 3988 744 4051 in
790 3986 1012 4072 aliquo
1071 3985 1549 4072 vituperabilia,
1596 3986 1751 4052 licet
1817 3986 2166 4066 interdum,
2214 3994 2284 4054 et
2327 3993 2489 4053 tunc
2532 4010 2698 4073 prae-
2724 4009 2777 4051 to
2800 4001 2950 4051 make

590 4096 626 4124 “
671 4090 877 4176 cipue,
916 4088 1192 4154 'studeat
1253 4089 1326 4153 in
1371 4088 1623 4174 judicio
1676 4108 2037 4175 proponere
2095 4089 2299 4170 litem,
2362 4111 2512 4154 cum
2564 4111 2695 4155 non
2724 4074 2987 4182 temscgss·

594 4198 630 4227 “
673 4191 920 4277 poterit
950 4189 1160 4271 aliter,
1185 4212 1306 4257 nec
1334 4212 1452 4277 per
1482 4192 1661 4256 viam
1692 4191 1986 4270 alteram,
2013 4212 2391 4278 recuperare
2423 4193 2698 4258 titulum
2725 4149 2921 4250 mus.

590 4300 629 4329 “
674 4294 780 4359 eui
814 4294 1002 4378 juris,
1096 4294 1189 4359 Et
1219 4297 1297 4358 ut
1324 4293 1546 4359 sciatis
1592 4313 1698 4357 me
1745 4314 1879 4359 non
1924 4293 2119 4359 aliter
2163 4315 2282 4359 nec
2329 4295 2459 4361 alio
2505 4296 2698 4361 modo

594 4402 632 4432 “
676 4394 847 4462 velle
893 4395 1232 4461 vobiscum
1279 4394 1673 4461 contendere
1718 4396 1790 4460 in
1826 4395 2099 4482 judicio,
2129 4396 2332 4461 offero
2380 4397 2568 4463 vobis
2611 4399 2698 4464 ad

595 4504 630 4532 a
678 4512 963 4585 prmus
1030 4497 1249 4563 media
1309 4498 1505 4585 pacis,
1574 4503 1950 4584 protestans
1996 4497 2256 4584 publice
2320 4504 2388 4564 et
2454 4500 2689 4585 palam,

666 4739 679 4771 ¹
705 4739 939 4790 comodum
963 4739 1017 4791 in
1042 4740 1159 4791 MS.
1631 4737 1643 4805 Ι
1741 4737 1762 4770 ²
1782 4744 1906 4803 aput
1927 4738 1980 4788 in
2004 4737 2115 4791 MS.
