3467 5717
1541 834 1659 897 431

1129 1229 1847 1312 APPENDIX
1910 1229 2086 1311 (D).

1421 1417 1723 1432 nnnnnnnnnnnn
1729 1414 1824 1427 «W

1199 1558 1338 1626 [MS.
1361 1559 1505 1610 Heu-L
1532 1562 1680 1620 37⁷5,
1702 1558 1791 1610 fol.
1821 1563 1914 1609 129
1931 1558 2006 1624 a]

564 1669 707 1757 [DE
749 1665 1169 1749 ALrAssmnS‚
1210 1670 1705 1752 MoNuMEms,
1753 1685 1838 1734 m·
1880 1681 2074 1734 Locrs
2122 1663 2664 1745 Smncnomm,

739 1792 820 1841 m
863 1775 1210 1842 Eccmzsm
1240 1776 1682 1843 MoNAsrsRu
1727 1773 1988 1842 Simon
2015 1773 2307 1851 Anum,
2339 1784 2660 1849 Quinum

733 1877 1346 1967 Announonns]

650 2003 678 2044 ¹
701 2003 1034 2072 Humanae
1075 2005 1459 2092 fragilitatis
1502 2004 1894 2072 miserabilis
1939 2008 2161 2070 exstat
2213 2002 2520 2081 conditi0,
2566 2007 2646 2067 ut

564 2127 713 2192 quae
776 2128 850 2172 re
913 2110 984 2173 et
1044 2107 1284 2172 merito
1337 2111 1556 2173 essent
1600 2107 1946 2173 recolenda
2004 2105 2287 2171 faciliter
2331 2103 2665 2170 oblivione

562 2209 893 2296 praecipiti
953 2215 1112 2275 sunt
1171 2209 1491 2295 ignorata.
1581 2206 1609 2246 ²
1632 2208 1814 2274 Hinc
1876 2212 1979 2275 est
2022 2208 2199 2294 quod
2257 2229 2394 2273 non
2453 2206 2662 2272 solum

563 2318 997 2389 mortuorum,
1044 2310 1158 2376 sed
1204 2312 1407 2377 etiam
1453 2311 1778 2390 vivorum,
1823 2311 2139 2376 memoria
2182 2310 2452 2397 penitus
2512 2306 2671 2374 defi-

567 2421 761 2495 ceret,
809 2415 868 2479 si
933 2434 1071 2478 non
1132 2414 1474 2500 scripturae
1536 2413 1920 2494 remedium,
1970 2413 2080 2478 vel
2147 2434 2373 2478 eorum
2435 2410 2670 2477 saltem

566 2519 1015 2594 monumenta,
1084 2537 1153 2581 se
1218 2516 1305 2581 ad
1366 2516 1743 2582 viventium
1805 2516 2120 2580 notitiam
2178 2517 2670 2601 praesentarent.

568 2617 736 2684 Cum
781 2623 1029 2697 tamen,
1075 2623 1216 2684 tam
1262 2618 1437 2683 infra
1484 2618 1966 2684 Monasterium
2012 2640 2210 2703 quam
2258 2617 2399 2703 ejus
2457 2614 2670 2681 ambi·

568 2725 734 2800 tum,
782 2741 1125 2806 corporum
1192 2719 1600 2807 sepultorum
1669 2719 1967 2786 abolevit
2020 2720 2353 2810 memoria,
2399 2725 2670 2805 propter

568 2821 976 2908 sepultorum
1020 2821 1298 2888 forsitan
1357 2821 1666 2909 inopiam,
1713 2821 1824 2887 vel
1882 2820 2340 2908 sepelientium
2386 2818 2667 2908 ingrati-

567 2923 888 3001 tudinem,
919 2921 1056 2989 solo
1100 2923 1486 3010 pavimento
1517 2923 1626 2989 vel
1656 2928 1854 2988 terrae
1900 2920 1926 2959 ⁸
1947 2923 2303 3009 cespitibus
2333 2925 2669 3009 cooperto·

568 3047 735 3104 rum,
779 3024 1101 3091 nonnulla
1167 3024 1372 3090 etiam
1432 3029 1884 3102 monumenta,
1947 3028 2215 3109 propter
2287 3023 2674 3110 pavimenta

568 3126 1125 3213 supereminentia
1170 3131 1238 3191 et
1292 3125 1784 3191 transeuntium
1830 3125 2396 3212 impedimentum,
2443 3128 2512 3191 et
2555 3147 2673 3210 per

567 3228 848 3315 alicujus
892 3229 1049 3294 novi
1080 3227 1294 3315 operis
1334 3228 1886 3294 constructionem
1916 3226 2025 3293 vel
2068 3227 2436 3316 pavimenti
2480 3249 2667 3313 repa-

566 3331 909 3410 rationem,
974 3330 1060 3396 ad
1122 3335 1382 3416 tempus
1433 3329 1700 3396 fuerant
1766 3334 2008 3410 amota,
2057 3352 2221 3415 quae,
2269 3335 2668 3395 novercante

568 3431 597 3471 ⁴
618 3432 1040 3521 negligentia,
1085 3432 1471 3498 nullatenus
1539 3436 1696 3498 sunt
1758 3431 2068 3519 reposita,
2137 3430 2251 3497 sed
2314 3431 2535 3519 potius
2602 3431 2675 3494 in

570 3535 718 3600 aliis
764 3535 1014 3615 usibus,
1057 3534 1278 3621 gratia
1336 3533 1651 3614 materiae,
1698 3534 2026 3600 translata
2084 3533 2336 3620 pariter
2395 3538 2464 3599 et
2525 3554 2674 3598 con-

572 3643 839 3725 sumpta
875 3663 891 3718 ;
980 3640 1062 3702 ut
1133 3636 1360 3724 igitur,
1431 3637 1609 3723 quod
1688 3635 2184 3724 praeteritorum
2257 3635 2676 3701 commiserat

570 3737 600 3777 4
614 3740 1028 3828 negligentia
1057 3738 1361 3826 suppleat
1391 3740 1503 3825 pia
1532 3739 1955 3825 providentia
1983 3738 2376 3816 futurorum,
2409 3743 2478 3803 et
2506 3760 2675 3825 prae-

573 3862 723 3906 sens
766 3839 1238 3906 monasterium
1284 3862 1326 3904 a
1368 3839 1491 3906 tali
1548 3840 2033 3927 ingratitudine
2079 3840 2357 3905 actionis
2401 3863 2443 3905 a
2486 3840 2677 3905 nobis

572 3944 959 4009 viventibus
1021 3941 1356 4007 illibatum
1423 3947 1865 4023 conservetur,
1913 3945 2347 4007 monumenta
2405 3946 2475 4006 et
2532 3942 2679 4007 loca

575 4045 1015 4132 sepulcrorum
1059 4044 1253 4111 nobis
1280 4044 1562 4131 cognita,
1595 4044 1732 4110 solo
1763 4044 1966 4109 etiam
1996 4044 2378 4129 pavimento
2408 4047 2477 4108 et
2505 4065 2678 4108 mar-

575 4149 814 4214 moreis
856 4146 1188 4235 lapidibus
1231 4151 1556 4233 cooperta,
1604 4146 1679 4210 in
1723 4144 2280 4232 subsequentibus
2324 4145 2490 4211 duxi
2540 4144 2679 4232 ple·

573 4250 728 4316 nius
762 4250 1185 4331 annotanda3
1229 4270 1511 4335 quorum
1556 4247 1786 4314 laudes
1832 4254 1904 4315 et
1946 4247 2265 4315 beneficia
2307 4247 2380 4313 in
2425 4246 2451 4286 ⁵
2468 4247 2679 4316 Libro

646 4460 664 4492 ¹
685 4459 794 4510 The
827 4458 988 4510 initial
1024 4459 1170 4510 letter
1203 4458 1249 4509 is
1282 4457 1505 4522 omitted,
1527 4473 1584 4508 as
1740 4459 1762 4491 ὅ
1784 4458 1881 4511 See
1902 4458 1989 4509 the
2002 4457 2227 4509 Volume
2250 4458 2307 4509 of
2330 4457 2603 4509 Trokclowe
2624 4458 2680 4508 in

577 4539 731 4603 being
770 4537 1006 4590 intended
1027 4538 1272 4603 probably
1294 4543 1349 4587 to
1369 4539 1434 4589 be
1467 4551 1584 4603 sup-
1672 4536 1777 4588 this
1802 4536 1984 4601 Series,
1999 4552 2083 4602 pp.
2102 4538 2350 4587 427-464.
2402 4536 2511 4588 The
2528 4535 2679 4586 Liber

580 4617 717 4684 plied
736 4618 791 4669 in
812 4633 878 4669 an
897 4617 1215 4669 illuminated
1234 4615 1381 4667 form.
1673 4617 2075 4682 Benesactorum,
2096 4632 2130 4667 a
2148 4616 2288 4668 book
2311 4616 2370 4667 of
2395 4616 2524 4667 later
2542 4618 2677 4678 date,

643 4700 668 4733 ²
688 4697 841 4749 Hunc
863 4699 916 4750 in
937 4698 1051 4751 MS.
1674 4698 1940 4762 preserved
1975 4695 2027 4746 in
2061 4696 2174 4748 MS.
2211 4695 2416 4748 Cotton.
2449 4695 2590 4747 Nero
2609 4697 2678 4746 D.

644 4777 667 4811 ³
687 4777 950 4845 cespitibus
971 4777 1026 4828 in
1046 4777 1160 4830 MS.
1678 4776 1788 4840 vii„
1822 4775 1863 4826 is
1896 4776 2150 4842 probably
2184 4775 2273 4828 the
2312 4791 2410 4827 one
2442 4775 2563 4827 here
2601 4792 2679 4827 re-

644 4859 667 4891 ⁴
688 4856 1011 4922 necyliqenfia
1034 4857 1089 4908 in
1110 4856 1226 4909 MS.
1675 4854 1844 4907 fen-ed
1865 4861 1934 4906 to.
