3467 5717
1383 873 1630 924 sumn
1674 873 1941 924 ALBAM.
2570 857 2695 920 211

591 1062 633 1097 “
676 1059 877 1126 alicui
945 1056 1332 1146 hujusmodi
1391 1056 1769 1147 privilegiis
1841 1079 1959 1125 seu
2030 1055 2567 1123 immunitatibus
2624 1054 2698 1121 in
2720 1076 3038 1134 amum.

593 1165 633 1197 “
675 1161 901 1250 aliquo
972 1160 1000 1201 ²
1018 1160 1352 1248 satagenti
1411 1159 1686 1227 obviare
1750 1159 2117 1243 consilium,
2184 1158 2526 1241 auxilium,
2587 1156 2700 1225 vel

594 1268 631 1300 “
674 1263 989 1346 favorem,
1036 1263 1206 1330 clam
1249 1263 1362 1330 vsl
1405 1262 1647 1351 palam,
1702 1263 2080 1351 praestab03
2140 1261 2577 1351 possessiones
2629 1264 2701 1328 et

592 1372 627 1401 “
662 1365 822 1452 jura
865 1365 956 1433 ad
998 1364 1394 1455 praedictum
1436 1364 1815 1432 Prioratum
1865 1364 1947 1431 do
1991 1363 2095 1431 W.
2139 1362 2510 1453 spectantia
2567 1383 2703 1428 non

591 1473 631 1503 “
675 1468 984 1549 vendam
1029 1489 1150 1535 noc
1193 1467 1517 1545 alienabo,
1561 1487 1685 1533 nec
1725 1466 2206 1555 impignorabo,
2234 1470 2357 1533 aut
2399 1466 2483 1532 de
2526 1485 2704 1532 novo

594 1576 631 1607 “
676 1569 1046 1651 infeodabo,
1089 1569 1220 1636 nisi
1264 1572 1594 1657 quatenus
1647 1565 1807 1655 jura
1872 1572 1943 1635 et
1985 1565 2495 1636 constitutiones
2539 1565 2703 1633 dicti

593 1679 632 1708 “
676 1672 1061 1740 monasterii
1105 1671 1334 1739 Sancti
1376 1669 1626 1738 Albani
1670 1669 2111 1758 permittant3
2152 1691 2277 1737 noc
2304 1671 2448 1737 sino
2475 1672 2702 1736 vestra

595 1780 633 1810 “
677 1775 942 1863 speciali
1015 1773 1305 1855 licentia,
1373 1773 1484 1839 vel
1558 1772 1877 1860 Capituli,
1938 1777 2235 1861 tempore
2309 1771 2699 1855 vacationis,

589 1881 629 1911 “
673 1874 1065 1965 praedictum
1111 1874 1492 1955 Prioratum
1535 1874 1720 1941 ultra
1763 1895 2091 1941 summam
2132 1874 2207 1940 in
2266 1874 2465 1941 dictis
2525 1873 2700 1941 Con-

590 1983 627 2013 “
672 1976 1139 2044 stitutionibus
1194 1977 1565 2043 limitatam
1624 1997 1766 2043 non
1816 1976 2144 2064 obligabo,
2233 1975 2703 2058 Possessiones,

591 2085 629 2115 “
674 2078 996 2161 redditus,
1043 2083 1113 2145 et
1172 2078 1352 2167 jura,
1395 2076 1563 2144 dicti
1625 2076 1989 2158 Prior-atus,
2033 2077 2332 2145 indebito
2395 2078 2702 2159 alienata,

591 2187 629 2218 “
674 2181 1017 2262 distracta,
1085 2178 1198 2247 vel
1262 2177 1292 2216 ²
1309 2183 1646 2268 occupata,
1697 2184 2016 2267 repetam,
2088 2183 2291 2267 prout
2363 2177 2703 2247 commode

593 2287 631 2318 “
677 2287 929 2370 potero,
994 2286 1064 2348 et
1126 2282 1214 2348 ad
1270 2282 1387 2370 jus
1448 2303 1526 2348 ac
1591 2281 2067 2371 proprietatem
2129 2281 2298 2349 dicti
2358 2281 2705 2349 Prioratus

590 2390 630 2422 “
673 2383 900 2451 reduci
943 2384 1322 2471 procurabo,
1414 2383 1519 2451 De
1584 2382 1866 2471 singulis
1927 2383 2209 2472 receptis
2272 2388 2343 2451 et
2402 2382 2705 2471 expensis

589 2493 628 2523 “
671 2486 867 2552 annis
911 2484 1195 2573 singulis
1239 2506 1459 2551 coram
1503 2484 1714 2568 vobis,
1760 2490 2069 2553 vostrovs
2100 2484 2586 2567 commissario,
2630 2484 2704 2550 in

590 2594 627 2624 “
670 2586 812 2654 loco
857 2591 929 2654 ct
973 2592 1270 2675 temporo
1298 2586 1386 2653 ab
1415 2587 1695 2674 antiquo
1723 2586 2054 2670 limitatis,
2085 2586 2380 2675 planum,
2411 2587 2699 2675 plenum,

590 2697 628 2726 ‘⁶
671 2688 1015 2776 fideleque,
1089 2711 1210 2776 pro
1284 2687 1563 2773 viribus,
1616 2687 2039 2755 ratiocinium
2110 2687 2401 2754 reddam.
2511 2688 2703 2755 Bona

589 2798 626 2827 “
673 2790 1080 2874 Monastorii,
1128 2790 1577 2879 cujuscunque
1620 2790 1766 2857 sive
1807 2788 2206 2858 conditionis
2250 2795 2373 2858 aut
2415 2784 2697 2877 generis,

590 2898 627 2928 “
671 2914 789 2960 seu
851 2890 1132 2979 alicujus
1197 2891 1475 2959 alterius
1536 2892 1685 2975 loci,
1730 2896 2177 2980 praeterquam
2238 2890 2449 2981 ipsius
2511 2891 2700 2979 cujus

593 3001 629 3031 “
675 3016 835 3061 cura
889 2995 1036 3083 jam
1098 2993 1266 3060 mihi
1332 2993 1715 3061 immediate
1769 2994 2235 3076 committitur,
2281 2994 2415 3060 nisi
2457 2994 2541 3060 dc
2586 3015 2700 3060 cx-

590 3102 628 3133 “
673 3118 896 3184 pressa
935 3100 1163 3163 vestra
1204 3095 1476 3163 licentia
1520 3101 1591 3164 st
1635 3096 1939 3179 scicntia,
1986 3094 2249 3163 mecum
2304 3100 2497 3162 extra
2558 3096 2702 3162 haec

593 3206 632 3235 “
675 3197 818 3265 loca
859 3220 982 3265 nec
1024 3219 1104 3265 cx
1109 3196 1410 3286 portabo,
1453 3221 1578 3266 nec
1622 3198 1966 3288 exportari
2010 3196 2509 3285 quomodoh'bct
2551 3218 2702 3284 pro-

589 3306 630 3338 “
675 3298 937 3367 curabo.
1028 3299 1341 3388 Singulos
1384 3322 1645 3368 annuos
1691 3297 1719 3339 ⁸
1736 3322 1973 3368 census
2003 3299 2413 3367 Monastcrio
2443 3299 2704 3366 debitos

592 3408 630 3439 ‘⁴
675 3401 872 3468 annis
915 3400 1199 3490 singulis
1264 3425 1385 3491 pro
1451 3424 1641 3491 posse
1690 3402 1987 3470 fideliter
2028 3402 2298 3469 solvam.
2390 3400 2707 3469 Oorrodia

592 3510 629 3540 “
673 3504 921 3591 absque
966 3507 1283 3571 consucta
1324 3502 1600 3572 licentia
1627 3527 1766 3573 non
1794 3504 2100 3572 vendam.
2195 3502 2704 3592 Recognitionss

591 3610 628 3640 “
671 3605 954 3672 faciam:
1002 3605 1092 3673 ad
1135 3605 1476 3673 ecclesiam
1519 3607 1631 3674 vel
1675 3606 1980 3675 ccclesias
2008 3610 2325 3675 vacantes
2351 3628 2488 3674 non
2533 3627 2703 3695 prae-

593 3712 631 3742 “
677 3707 974 3788 sentabo,
1015 3729 1139 3775 noc
1195 3708 1495 3776 maneria
1538 3710 1649 3777 vel
1695 3710 1995 3778 ccclesias
2036 3710 2126 3778 ad
2170 3710 2432 3776 firmam
2476 3708 2705 3776 dimit-

590 3814 629 3846 ⁶‘
674 3813 857 3892 tam3
899 3832 1114 3897 nsque
1158 3811 1383 3898 sylvas
1423 3812 1729 3895 vendam,
1758 3812 1870 3880 vel
1914 3813 2267 3882 destruam.
2380 3810 2508 3878 Pro
2551 3810 2704 3878 aliis

594 3917 632 3949 “
674 3934 812 3980 non
855 3912 1285 4001 fide-jubebo,
1314 3936 1440 3982 noc
1466 3914 1752 4003 aliquem
1784 3913 2560 3983 manumittam.—Sicut
2592 3935 2702 3980 mc

596 4019 636 4052 ‘⁸
677 4014 861 4083 Deus
905 4015 1203 4104 adjuvet,
1250 4021 1321 4084 et
1362 4016 1506 4086 haec
1548 4018 1798 4087 Sancta
1837 4018 1968 4085 Dei
2010 4014 2433 4104 Evangelia.”

661 4294 1170 4361 ῑεαεαςωιιίἱιιΜΒ.
1768 4294 2196 4350 nonninus.

660 4371 1130 4443 'mupatainlffa
1645 4300 1666 4437 Ι

2304 4835 2439 4900 02
