<?xml version="1.0" encoding="UTF-8"?>
<!DOCTYPE html PUBLIC "-//W3C//DTD XHTML 1.0 Transitional//EN"
    "http://www.w3.org/TR/xhtml1/DTD/xhtml1-transitional.dtd">
<html xmlns="http://www.w3.org/1999/xhtml" xml:lang="en" lang="en">
 <head>
  <title>
</title>
<meta http-equiv="Content-Type" content="text/html;charset=utf-8" />
  <meta name='ocr-system' content='tesseract 3.04.00' />
  <meta name='ocr-capabilities' content='ocr_page ocr_carea ocr_par ocr_line ocrx_word'/>
</head>
<body>
  <div class='ocr_page' id='page_1' title='image "./annalesmonaster00unkngoog_0193.png"; bbox 0 0 3467 5717; ppageno 0'>
   <div class='ocr_carea' id='block_1_1' title="bbox 1336 810 2678 879">
    <p class='ocr_par' dir='ltr' id='par_1_1' title="bbox 1336 810 2678 879">
     <span class='ocr_line' id='line_1_1' title="bbox 1336 810 2678 879; baseline 0.001 -2"><span class='ocrx_word' id='word_1_1' title='bbox 1336 828 1577 879; x_wconf 63' lang='lat' dir='ltr'>smol-1</span> <span class='ocrx_word' id='word_1_2' title='bbox 1623 827 1896 878; x_wconf 69' lang='lat' dir='ltr'>ALBANI.</span> <span class='ocrx_word' id='word_1_3' title='bbox 2549 810 2678 879; x_wconf 81' lang='lat'>127</span> 
     </span>
    </p>
   </div>
   <div class='ocr_carea' id='block_1_2' title="bbox 573 1010 3012 4528">
    <p class='ocr_par' dir='ltr' id='par_1_2' title="bbox 573 1010 3012 4482">
     <span class='ocr_line' id='line_1_2' title="bbox 575 1010 3012 1097; baseline 0 -23"><span class='ocrx_word' id='word_1_4' title='bbox 575 1015 611 1045; x_wconf 88' lang='lat'><strong>“</strong></span> <span class='ocrx_word' id='word_1_5' title='bbox 653 1010 890 1076; x_wconf 88' lang='lat' dir='ltr'>modici</span> <span class='ocrx_word' id='word_1_6' title='bbox 950 1011 1267 1097; x_wconf 88' lang='lat' dir='ltr'>temporis</span> <span class='ocrx_word' id='word_1_7' title='bbox 1322 1010 1757 1077; x_wconf 84' lang='lat' dir='ltr'>intervallum</span> <span class='ocrx_word' id='word_1_8' title='bbox 1804 1010 2056 1075; x_wconf 88' lang='lat' dir='ltr'>Eurum</span> <span class='ocrx_word' id='word_1_9' title='bbox 2093 1010 2361 1097; x_wconf 87' lang='lat' dir='ltr'>juberet</span> <span class='ocrx_word' id='word_1_10' title='bbox 2417 1014 2676 1076; x_wconf 85' lang='lat' dir='ltr'>contra·</span> <span class='ocrx_word' id='word_1_11' title='bbox 2702 1016 3012 1068; x_wconf 78' lang='lat' dir='ltr'><strong>A.D.1⁴23·</strong></span> 
     </span>
     <span class='ocr_line' id='line_1_3' title="bbox 576 1112 2677 1199; baseline 0.001 -23"><span class='ocrx_word' id='word_1_12' title='bbox 576 1116 612 1145; x_wconf 87' lang='lat'><strong>“</strong></span> <span class='ocrx_word' id='word_1_13' title='bbox 658 1112 1012 1179; x_wconf 88' lang='lat' dir='ltr'>dictorium</span> <span class='ocrx_word' id='word_1_14' title='bbox 1064 1114 1151 1178; x_wconf 88' lang='lat' dir='ltr'>ad</span> <span class='ocrx_word' id='word_1_15' title='bbox 1196 1118 1392 1178; x_wconf 87' lang='lat' dir='ltr'>antra</span> <span class='ocrx_word' id='word_1_16' title='bbox 1434 1112 1754 1190; x_wconf 82' lang='lat' dir='ltr'>recedere,</span> <span class='ocrx_word' id='word_1_17' title='bbox 1793 1112 2306 1198; x_wconf 84' lang='lat' dir='ltr'>benevolumque</span> <span class='ocrx_word' id='word_1_18' title='bbox 2349 1113 2509 1178; x_wconf 87' lang='lat' dir='ltr'>flare</span> <span class='ocrx_word' id='word_1_19' title='bbox 2556 1134 2677 1199; x_wconf 91' lang='lat' dir='ltr'>pro</span> 
     </span>
     <span class='ocr_line' id='line_1_4' title="bbox 574 1213 2679 1302; baseline 0 -24"><span class='ocrx_word' id='word_1_20' title='bbox 574 1222 610 1247; x_wconf 91' lang='lat'><em>“</em></span> <span class='ocrx_word' id='word_1_21' title='bbox 655 1219 810 1280; x_wconf 91' lang='lat' dir='ltr'>voto</span> <span class='ocrx_word' id='word_1_22' title='bbox 863 1214 1156 1282; x_wconf 79' lang='lat' dir='ltr'>Circium</span> <span class='ocrx_word' id='word_1_23' title='bbox 1210 1214 1685 1281; x_wconf 85' lang='lat' dir='ltr'>subalternum.</span> <span class='ocrx_word' id='word_1_24' title='bbox 1757 1213 1782 1252; x_wconf 85' lang='lat'>¹</span> <span class='ocrx_word' id='word_1_25' title='bbox 1800 1214 1933 1280; x_wconf 87' lang='lat' dir='ltr'>Sed</span> <span class='ocrx_word' id='word_1_26' title='bbox 1975 1236 2388 1302; x_wconf 85' lang='lat' dir='ltr'>nequaquam</span> <span class='ocrx_word' id='word_1_27' title='bbox 2431 1215 2507 1280; x_wconf 89' lang='lat' dir='ltr'>in</span> <span class='ocrx_word' id='word_1_28' title='bbox 2547 1215 2679 1279; x_wconf 89' lang='lat' dir='ltr'>hiis</span> 
     </span>
     <span class='ocr_line' id='line_1_5' title="bbox 575 1315 2741 1405; baseline 0.003 -24"><span class='ocrx_word' id='word_1_29' title='bbox 575 1319 612 1351; x_wconf 89' lang='lat'><strong>“</strong></span> <span class='ocrx_word' id='word_1_30' title='bbox 657 1317 1086 1405; x_wconf 89' lang='lat' dir='ltr'>conceptibus</span> <span class='ocrx_word' id='word_1_31' title='bbox 1128 1339 1234 1383; x_wconf 87' lang='lat' dir='ltr'>res</span> <span class='ocrx_word' id='word_1_32' title='bbox 1279 1322 1522 1382; x_wconf 65' lang='lat' dir='ltr'>secutae</span> <span class='ocrx_word' id='word_1_33' title='bbox 1582 1319 1746 1382; x_wconf 87' lang='lat' dir='ltr'>sunt</span> <span class='ocrx_word' id='word_1_34' title='bbox 1798 1315 2327 1403; x_wconf 75' lang='lat' dir='ltr'>imaginationes,</span> <span class='ocrx_word' id='word_1_35' title='bbox 2372 1340 2520 1384; x_wconf 87' lang='lat' dir='ltr'>cum</span> <span class='ocrx_word' id='word_1_36' title='bbox 2579 1339 2679 1382; x_wconf 90' lang='lat' dir='ltr'>re-</span> <span class='ocrx_word' id='word_1_37' title='bbox 2734 1378 2741 1388; x_wconf 96' lang='lat'><strong>.</strong></span> 
     </span>
     <span class='ocr_line' id='line_1_6' title="bbox 576 1417 2678 1508; baseline 0.001 -24"><span class='ocrx_word' id='word_1_38' title='bbox 576 1423 613 1452; x_wconf 89' lang='lat'><strong>“</strong></span> <span class='ocrx_word' id='word_1_39' title='bbox 660 1440 821 1485; x_wconf 84' lang='lat' dir='ltr'>vera</span> <span class='ocrx_word' id='word_1_40' title='bbox 865 1420 1252 1508; x_wconf 87' lang='lat' dir='ltr'>priusquam</span> <span class='ocrx_word' id='word_1_41' title='bbox 1300 1419 1531 1506; x_wconf 85' lang='lat' dir='ltr'>hospes</span> <span class='ocrx_word' id='word_1_42' title='bbox 1577 1417 1928 1505; x_wconf 74' lang='lat' dir='ltr'>ApolliniS,</span> <span class='ocrx_word' id='word_1_43' title='bbox 1972 1417 2163 1484; x_wconf 88' lang='lat' dir='ltr'>fessis</span> <span class='ocrx_word' id='word_1_44' title='bbox 2208 1420 2346 1485; x_wconf 90' lang='lat' dir='ltr'>suis</span> <span class='ocrx_word' id='word_1_45' title='bbox 2391 1420 2678 1499; x_wconf 83' lang='lat' dir='ltr'>caballis,</span> 
     </span>
     <span class='ocr_line' id='line_1_7' title="bbox 576 1520 2681 1611; baseline 0.001 -25"><span class='ocrx_word' id='word_1_46' title='bbox 576 1525 611 1557; x_wconf 91' lang='lat'>“</span> <span class='ocrx_word' id='word_1_47' title='bbox 657 1520 922 1607; x_wconf 87' lang='lat' dir='ltr'>plenam</span> <span class='ocrx_word' id='word_1_48' title='bbox 971 1522 1392 1611; x_wconf 72' lang='lat' dir='ltr'>praebendam</span> <span class='ocrx_word' id='word_1_49' title='bbox 1437 1524 1840 1607; x_wconf 70' lang='lat' dir='ltr'>porrexerat,</span> <span class='ocrx_word' id='word_1_50' title='bbox 1888 1541 2114 1586; x_wconf 90' lang='lat' dir='ltr'>omnes</span> <span class='ocrx_word' id='word_1_51' title='bbox 2169 1522 2286 1608; x_wconf 92' lang='lat' dir='ltr'>qui</span> <span class='ocrx_word' id='word_1_52' title='bbox 2337 1522 2681 1589; x_wconf 87' lang='lat' dir='ltr'>nobiscum</span> 
     </span>
     <span class='ocr_line' id='line_1_8' title="bbox 575 1623 2677 1710; baseline 0 -21"><span class='ocrx_word' id='word_1_53' title='bbox 575 1631 612 1660; x_wconf 88' lang='lat'><em>“</em></span> <span class='ocrx_word' id='word_1_54' title='bbox 657 1624 733 1689; x_wconf 91' lang='lat' dir='ltr'>in</span> <span class='ocrx_word' id='word_1_55' title='bbox 760 1626 929 1691; x_wconf 89' lang='lat' dir='ltr'>mari</span> <span class='ocrx_word' id='word_1_56' title='bbox 956 1625 1238 1702; x_wconf 85' lang='lat' dir='ltr'>fuerant,</span> <span class='ocrx_word' id='word_1_57' title='bbox 1272 1623 1580 1710; x_wconf 89' lang='lat' dir='ltr'>spiritum</span> <span class='ocrx_word' id='word_1_58' title='bbox 1609 1623 1787 1709; x_wconf 87' lang='lat' dir='ltr'>passi</span> <span class='ocrx_word' id='word_1_59' title='bbox 1822 1626 1982 1688; x_wconf 91' lang='lat' dir='ltr'>sunt</span> <span class='ocrx_word' id='word_1_60' title='bbox 2006 1623 2372 1710; x_wconf 74' lang='lat' dir='ltr'>vertiginis,</span> <span class='ocrx_word' id='word_1_61' title='bbox 2405 1646 2677 1710; x_wconf 86' lang='lat' dir='ltr'>nosque,</span> 
     </span>
     <span class='ocr_line' id='line_1_9' title="bbox 575 1724 2678 1814; baseline 0 -22"><span class='ocrx_word' id='word_1_62' title='bbox 575 1734 613 1761; x_wconf 89' lang='lat'><em>“</em></span> <span class='ocrx_word' id='word_1_63' title='bbox 655 1727 831 1813; x_wconf 90' lang='lat' dir='ltr'>quod</span> <span class='ocrx_word' id='word_1_64' title='bbox 873 1728 1082 1814; x_wconf 87' lang='lat' dir='ltr'>pudet</span> <span class='ocrx_word' id='word_1_65' title='bbox 1122 1728 1351 1803; x_wconf 86' lang='lat' dir='ltr'>dicere,</span> <span class='ocrx_word' id='word_1_66' title='bbox 1399 1724 1807 1791; x_wconf 88' lang='lat' dir='ltr'>consternati</span> <span class='ocrx_word' id='word_1_67' title='bbox 1851 1725 2074 1791; x_wconf 87' lang='lat' dir='ltr'>animo</span> <span class='ocrx_word' id='word_1_68' title='bbox 2118 1726 2443 1805; x_wconf 86' lang='lat' dir='ltr'>stetimus,</span> <span class='ocrx_word' id='word_1_69' title='bbox 2492 1727 2678 1793; x_wconf 90' lang='lat' dir='ltr'>simi-</span> 
     </span>
     <span class='ocr_line' id='line_1_10' title="bbox 573 1827 2677 1917; baseline 0.001 -24"><span class='ocrx_word' id='word_1_70' title='bbox 573 1835 610 1863; x_wconf 90' lang='lat'><em>“</em></span> <span class='ocrx_word' id='word_1_71' title='bbox 653 1829 876 1916; x_wconf 89' lang='lat' dir='ltr'>lesque</span> <span class='ocrx_word' id='word_1_72' title='bbox 922 1851 1071 1895; x_wconf 90' lang='lat' dir='ltr'>cum</span> <span class='ocrx_word' id='word_1_73' title='bbox 1115 1827 1370 1895; x_wconf 77' lang='lat' dir='ltr'>caeteris</span> <span class='ocrx_word' id='word_1_74' title='bbox 1405 1827 1480 1893; x_wconf 94' lang='lat' dir='ltr'>in</span> <span class='ocrx_word' id='word_1_75' title='bbox 1509 1828 1818 1893; x_wconf 88' lang='lat' dir='ltr'>omnibus</span> <span class='ocrx_word' id='word_1_76' title='bbox 1859 1828 2037 1915; x_wconf 87' lang='lat' dir='ltr'>passi</span> <span class='ocrx_word' id='word_1_77' title='bbox 2072 1850 2302 1894; x_wconf 84' lang='lat' dir='ltr'>sumus</span> <span class='ocrx_word' id='word_1_78' title='bbox 2341 1849 2677 1917; x_wconf 79' lang='lat' dir='ltr'>aequoreas</span> 
     </span>
     <span class='ocr_line' id='line_1_11' title="bbox 575 1930 2677 2020; baseline 0 -23"><span class='ocrx_word' id='word_1_79' title='bbox 575 1937 611 1967; x_wconf 88' lang='lat'><em>“</em></span> <span class='ocrx_word' id='word_1_80' title='bbox 652 1932 999 2020; x_wconf 78' lang='lat' dir='ltr'>passiones.</span> <span class='ocrx_word' id='word_1_81' title='bbox 1093 1931 1235 1997; x_wconf 88' lang='lat' dir='ltr'>Nec</span> <span class='ocrx_word' id='word_1_82' title='bbox 1269 1930 1806 2011; x_wconf 77' lang='lat' dir='ltr'>&#39;mirum,—cum</span> <span class='ocrx_word' id='word_1_83' title='bbox 1852 1931 2083 1996; x_wconf 86' lang='lat' dir='ltr'>statim</span> <span class='ocrx_word' id='word_1_84' title='bbox 2142 1936 2494 2018; x_wconf 82' lang='lat' dir='ltr'>postquam</span> <span class='ocrx_word' id='word_1_85' title='bbox 2553 1931 2677 1999; x_wconf 91' lang='lat' dir='ltr'>sub</span> 
     </span>
     <span class='ocr_line' id='line_1_12' title="bbox 582 2032 2683 2113; baseline 0 -15"><span class='ocrx_word' id='word_1_86' title='bbox 582 2039 620 2067; x_wconf 91' lang='lat'><em>“</em></span> <span class='ocrx_word' id='word_1_87' title='bbox 661 2033 810 2099; x_wconf 87' lang='lat' dir='ltr'>velo</span> <span class='ocrx_word' id='word_1_88' title='bbox 868 2034 1195 2113; x_wconf 73' lang='lat' dir='ltr'>statimne,</span> <span class='ocrx_word' id='word_1_89' title='bbox 1273 2034 1441 2099; x_wconf 90' lang='lat' dir='ltr'>adeo</span> <span class='ocrx_word' id='word_1_90' title='bbox 1515 2032 1809 2099; x_wconf 85' lang='lat' dir='ltr'>invaluit</span> <span class='ocrx_word' id='word_1_91' title='bbox 1867 2038 2222 2099; x_wconf 82' lang='lat' dir='ltr'>ventorum</span> <span class='ocrx_word' id='word_1_92' title='bbox 2292 2033 2527 2113; x_wconf 80' lang='lat' dir='ltr'>rabies,</span> <span class='ocrx_word' id='word_1_93' title='bbox 2602 2038 2683 2099; x_wconf 89' lang='lat' dir='ltr'>ut</span> 
     </span>
     <span class='ocr_line' id='line_1_13' title="bbox 581 2134 2687 2225; baseline 0 -25"><span class='ocrx_word' id='word_1_94' title='bbox 581 2142 619 2171; x_wconf 89' lang='lat'><strong>“</strong></span> <span class='ocrx_word' id='word_1_95' title='bbox 664 2134 691 2171; x_wconf 76' lang='lat'><strong>²</strong></span> <span class='ocrx_word' id='word_1_96' title='bbox 710 2136 1005 2203; x_wconf 85' lang='lat' dir='ltr'>AEolium</span> <span class='ocrx_word' id='word_1_97' title='bbox 1067 2138 1216 2225; x_wconf 88' lang='lat' dir='ltr'>quis</span> <span class='ocrx_word' id='word_1_98' title='bbox 1267 2136 1566 2203; x_wconf 88' lang='lat' dir='ltr'>crederet</span> <span class='ocrx_word' id='word_1_99' title='bbox 1613 2136 1762 2222; x_wconf 88' lang='lat' dir='ltr'>jam</span> <span class='ocrx_word' id='word_1_100' title='bbox 1821 2141 2096 2224; x_wconf 89' lang='lat' dir='ltr'>ruptum</span> <span class='ocrx_word' id='word_1_101' title='bbox 2157 2158 2497 2217; x_wconf 87' lang='lat' dir='ltr'>carcerem,</span> <span class='ocrx_word' id='word_1_102' title='bbox 2565 2158 2687 2202; x_wconf 90' lang='lat' dir='ltr'>nec</span> 
     </span>
     <span class='ocr_line' id='line_1_14' title="bbox 582 2238 2687 2326; baseline 0 -22"><span class='ocrx_word' id='word_1_103' title='bbox 582 2242 618 2273; x_wconf 90' lang='lat'><strong><em>“</em></strong></span> <span class='ocrx_word' id='word_1_104' title='bbox 667 2243 927 2325; x_wconf 90' lang='lat' dir='ltr'>poterat</span> <span class='ocrx_word' id='word_1_105' title='bbox 956 2239 1104 2326; x_wconf 89' lang='lat' dir='ltr'>quis</span> <span class='ocrx_word' id='word_1_106' title='bbox 1132 2244 1451 2305; x_wconf 87' lang='lat' dir='ltr'>terrorem</span> <span class='ocrx_word' id='word_1_107' title='bbox 1482 2238 1825 2326; x_wconf 88' lang='lat' dir='ltr'>depellere,</span> <span class='ocrx_word' id='word_1_108' title='bbox 1857 2238 2017 2303; x_wconf 91' lang='lat' dir='ltr'>dum</span> <span class='ocrx_word' id='word_1_109' title='bbox 2047 2238 2471 2306; x_wconf 79' lang='lat' dir='ltr'>incurvatum</span> <span class='ocrx_word' id='word_1_110' title='bbox 2498 2238 2687 2305; x_wconf 84' lang='lat' dir='ltr'>vide-</span> 
     </span>
     <span class='ocr_line' id='line_1_15' title="bbox 583 2340 2686 2428; baseline 0 -23"><span class='ocrx_word' id='word_1_111' title='bbox 583 2345 622 2376; x_wconf 88' lang='lat'><strong>“</strong></span> <span class='ocrx_word' id='word_1_112' title='bbox 667 2344 772 2406; x_wconf 87' lang='lat' dir='ltr'>ret</span> <span class='ocrx_word' id='word_1_113' title='bbox 819 2341 1070 2406; x_wconf 88' lang='lat' dir='ltr'>malum</span> <span class='ocrx_word' id='word_1_114' title='bbox 1115 2363 1235 2428; x_wconf 89' lang='lat' dir='ltr'>per</span> <span class='ocrx_word' id='word_1_115' title='bbox 1283 2342 1642 2428; x_wconf 89' lang='lat' dir='ltr'>impulsum</span> <span class='ocrx_word' id='word_1_116' title='bbox 1703 2340 2088 2419; x_wconf 89' lang='lat' dir='ltr'>turbidinis‚</span> <span class='ocrx_word' id='word_1_117' title='bbox 2144 2342 2532 2428; x_wconf 78' lang='lat' dir='ltr'>avulsosque</span> <span class='ocrx_word' id='word_1_118' title='bbox 2575 2363 2686 2406; x_wconf 91' lang='lat' dir='ltr'>ru-</span> 
     </span>
     <span class='ocr_line' id='line_1_16' title="bbox 576 2442 2687 2531; baseline 0 -23"><span class='ocrx_word' id='word_1_119' title='bbox 576 2451 612 2479; x_wconf 92' lang='lat'><em>“</em></span> <span class='ocrx_word' id='word_1_120' title='bbox 657 2443 889 2509; x_wconf 55' lang='lat' dir='ltr'>dentes</span> <span class='ocrx_word' id='word_1_121' title='bbox 932 2466 1051 2531; x_wconf 88' lang='lat' dir='ltr'>per</span> <span class='ocrx_word' id='word_1_122' title='bbox 1081 2444 1401 2510; x_wconf 72' lang='lat' dir='ltr'>Vulturni</span> <span class='ocrx_word' id='word_1_123' title='bbox 1445 2442 1857 2524; x_wconf 86' lang='lat' dir='ltr'>violentiam,</span> <span class='ocrx_word' id='word_1_124' title='bbox 1900 2448 1970 2509; x_wconf 92' lang='lat' dir='ltr'>et</span> <span class='ocrx_word' id='word_1_125' title='bbox 2006 2442 2427 2510; x_wconf 79' lang='lat' dir='ltr'>inimicitiam</span> <span class='ocrx_word' id='word_1_126' title='bbox 2477 2444 2687 2529; x_wconf 87' lang='lat' dir='ltr'>Aqui-</span> 
     </span>
     <span class='ocr_line' id='line_1_17' title="bbox 576 2546 2685 2634; baseline -0.001 -22"><span class='ocrx_word' id='word_1_127' title='bbox 576 2556 613 2583; x_wconf 87' lang='lat'><em>“</em></span> <span class='ocrx_word' id='word_1_128' title='bbox 655 2546 839 2612; x_wconf 88' lang='lat' dir='ltr'>lonis.</span> <span class='ocrx_word' id='word_1_129' title='bbox 903 2547 1202 2613; x_wconf 81' lang='lat' dir='ltr'>Tandem</span> <span class='ocrx_word' id='word_1_130' title='bbox 1225 2550 1471 2625; x_wconf 86' lang='lat' dir='ltr'>tamen,</span> <span class='ocrx_word' id='word_1_131' title='bbox 1496 2568 1574 2613; x_wconf 87' lang='lat' dir='ltr'>ea</span> <span class='ocrx_word' id='word_1_132' title='bbox 1594 2546 1965 2634; x_wconf 86' lang='lat' dir='ltr'>imperante</span> <span class='ocrx_word' id='word_1_133' title='bbox 1995 2546 2262 2628; x_wconf 88' lang='lat' dir='ltr'>Doride,</span> <span class='ocrx_word' id='word_1_134' title='bbox 2296 2569 2445 2633; x_wconf 88' lang='lat' dir='ltr'>quae</span> <span class='ocrx_word' id='word_1_135' title='bbox 2463 2547 2685 2613; x_wconf 82' lang='lat' dir='ltr'>ventis</span> 
     </span>
     <span class='ocr_line' id='line_1_18' title="bbox 574 2649 2686 2737; baseline 0 -23"><span class='ocrx_word' id='word_1_136' title='bbox 574 2656 616 2686; x_wconf 90' lang='lat'><strong>“</strong></span> <span class='ocrx_word' id='word_1_137' title='bbox 660 2650 960 2736; x_wconf 88' lang='lat' dir='ltr'>imperat,</span> <span class='ocrx_word' id='word_1_138' title='bbox 990 2654 1064 2716; x_wconf 91' lang='lat' dir='ltr'>et</span> <span class='ocrx_word' id='word_1_139' title='bbox 1092 2649 1475 2715; x_wconf 86' lang='lat' dir='ltr'>dominatur</span> <span class='ocrx_word' id='word_1_140' title='bbox 1511 2670 1714 2736; x_wconf 85' lang='lat' dir='ltr'>supra</span> <span class='ocrx_word' id='word_1_141' title='bbox 1746 2671 1941 2730; x_wconf 83' lang='lat' dir='ltr'>mare,</span> <span class='ocrx_word' id='word_1_142' title='bbox 1990 2649 2272 2737; x_wconf 88' lang='lat' dir='ltr'>superba</span> <span class='ocrx_word' id='word_1_143' title='bbox 2302 2649 2686 2737; x_wconf 87' lang='lat' dir='ltr'>sopiebatur</span> 
     </span>
     <span class='ocr_line' id='line_1_19' title="bbox 579 2751 2685 2838; baseline 0 -20"><span class='ocrx_word' id='word_1_144' title='bbox 579 2758 617 2789; x_wconf 87' lang='lat'><em>“</em></span> <span class='ocrx_word' id='word_1_145' title='bbox 659 2756 1015 2819; x_wconf 81' lang='lat' dir='ltr'>ventorum</span> <span class='ocrx_word' id='word_1_146' title='bbox 1050 2751 1399 2837; x_wconf 83' lang='lat' dir='ltr'>jactantia,</span> <span class='ocrx_word' id='word_1_147' title='bbox 1439 2752 1821 2838; x_wconf 88' lang='lat' dir='ltr'>orienteque</span> <span class='ocrx_word' id='word_1_148' title='bbox 1866 2751 2018 2830; x_wconf 87' lang='lat' dir='ltr'>sole,</span> <span class='ocrx_word' id='word_1_149' title='bbox 2047 2752 2481 2838; x_wconf 73' lang='lat' dir='ltr'>complanatae</span> <span class='ocrx_word' id='word_1_150' title='bbox 2525 2757 2685 2819; x_wconf 89' lang='lat' dir='ltr'>sunt</span> 
     </span>
     <span class='ocr_line' id='line_1_20' title="bbox 576 2854 2683 2943; baseline 0.001 -22"><span class='ocrx_word' id='word_1_151' title='bbox 576 2860 616 2892; x_wconf 87' lang='lat'>“</span> <span class='ocrx_word' id='word_1_152' title='bbox 659 2855 877 2935; x_wconf 84' lang='lat' dir='ltr'>undae,</span> <span class='ocrx_word' id='word_1_153' title='bbox 899 2876 978 2921; x_wconf 87' lang='lat' dir='ltr'>ac</span> <span class='ocrx_word' id='word_1_154' title='bbox 998 2854 1406 2922; x_wconf 89' lang='lat' dir='ltr'>tumentium</span> <span class='ocrx_word' id='word_1_155' title='bbox 1427 2854 1753 2921; x_wconf 86' lang='lat' dir='ltr'>fluctuum</span> <span class='ocrx_word' id='word_1_156' title='bbox 1776 2860 2143 2921; x_wconf 84' lang='lat' dir='ltr'>cessaverat</span> <span class='ocrx_word' id='word_1_157' title='bbox 2162 2876 2405 2943; x_wconf 86' lang='lat' dir='ltr'>pompa</span> <span class='ocrx_word' id='word_1_158' title='bbox 2426 2878 2683 2942; x_wconf 83' lang='lat' dir='ltr'>magna.</span> 
     </span>
     <span class='ocr_line' id='line_1_21' title="bbox 578 2956 2689 3045; baseline 0 -23"><span class='ocrx_word' id='word_1_159' title='bbox 578 2965 614 2991; x_wconf 91' lang='lat'>“</span> <span class='ocrx_word' id='word_1_160' title='bbox 659 2956 852 3039; x_wconf 79' lang='lat' dir='ltr'>Quod</span> <span class='ocrx_word' id='word_1_161' title='bbox 913 2978 1033 3023; x_wconf 91' lang='lat' dir='ltr'>nos</span> <span class='ocrx_word' id='word_1_162' title='bbox 1099 2956 1549 3045; x_wconf 81' lang='lat' dir='ltr'>intelligentes</span> <span class='ocrx_word' id='word_1_163' title='bbox 1593 2956 1811 3024; x_wconf 79' lang='lat' dir='ltr'>laetati</span> <span class='ocrx_word' id='word_1_164' title='bbox 1870 2956 2155 3023; x_wconf 83' lang='lat' dir='ltr'>nimium</span> <span class='ocrx_word' id='word_1_165' title='bbox 2218 2956 2485 3037; x_wconf 89' lang='lat' dir='ltr'>fuimus,</span> <span class='ocrx_word' id='word_1_166' title='bbox 2530 2958 2689 3043; x_wconf 88' lang='lat' dir='ltr'>quia</span> 
     </span>
     <span class='ocr_line' id='line_1_22' title="bbox 579 3057 2684 3147; baseline 0 -23"><span class='ocrx_word' id='word_1_167' title='bbox 579 3067 617 3096; x_wconf 91' lang='lat'><strong>“</strong></span> <span class='ocrx_word' id='word_1_168' title='bbox 659 3060 983 3126; x_wconf 83' lang='lat' dir='ltr'>siluerunt</span> <span class='ocrx_word' id='word_1_169' title='bbox 1009 3059 1254 3126; x_wconf 86' lang='lat' dir='ltr'>fluctus</span> <span class='ocrx_word' id='word_1_170' title='bbox 1284 3060 1610 3146; x_wconf 79' lang='lat' dir='ltr'>aequoris3</span> <span class='ocrx_word' id='word_1_171' title='bbox 1642 3060 1969 3147; x_wconf 89' lang='lat' dir='ltr'>pronique</span> <span class='ocrx_word' id='word_1_172' title='bbox 1999 3060 2309 3127; x_wconf 85' lang='lat' dir='ltr'>cadentes</span> <span class='ocrx_word' id='word_1_173' title='bbox 2338 3059 2413 3125; x_wconf 91' lang='lat' dir='ltr'>in</span> <span class='ocrx_word' id='word_1_174' title='bbox 2442 3057 2684 3126; x_wconf 80' lang='lat' dir='ltr'>⁸imum</span> 
     </span>
     <span class='ocr_line' id='line_1_23' title="bbox 578 3162 2685 3250; baseline 0.001 -24"><span class='ocrx_word' id='word_1_175' title='bbox 578 3172 615 3199; x_wconf 85' lang='lat'><em>“</em></span> <span class='ocrx_word' id='word_1_176' title='bbox 660 3163 1003 3230; x_wconf 85' lang='lat' dir='ltr'>incensum</span> <span class='ocrx_word' id='word_1_177' title='bbox 1070 3163 1199 3229; x_wconf 85' lang='lat' dir='ltr'>diis</span> <span class='ocrx_word' id='word_1_178' title='bbox 1260 3163 1537 3229; x_wconf 89' lang='lat' dir='ltr'>marinis</span> <span class='ocrx_word' id='word_1_179' title='bbox 1602 3162 1984 3242; x_wconf 90' lang='lat' dir='ltr'>obtulimus,</span> <span class='ocrx_word' id='word_1_180' title='bbox 2044 3162 2165 3250; x_wconf 91' lang='lat' dir='ltr'>qui</span> <span class='ocrx_word' id='word_1_181' title='bbox 2221 3185 2344 3228; x_wconf 88' lang='lat' dir='ltr'>nos</span> <span class='ocrx_word' id='word_1_182' title='bbox 2386 3164 2685 3230; x_wconf 84' lang='lat' dir='ltr'>salvave-</span> 
     </span>
     <span class='ocr_line' id='line_1_24' title="bbox 579 3265 2688 3354; baseline 0 -25"><span class='ocrx_word' id='word_1_183' title='bbox 579 3273 613 3300; x_wconf 88' lang='lat'>“</span> <span class='ocrx_word' id='word_1_184' title='bbox 660 3269 816 3330; x_wconf 88' lang='lat' dir='ltr'>rant</span> <span class='ocrx_word' id='word_1_185' title='bbox 846 3287 888 3330; x_wconf 90' lang='lat' dir='ltr'>a</span> <span class='ocrx_word' id='word_1_186' title='bbox 915 3265 1210 3352; x_wconf 78' lang='lat' dir='ltr'>Scyllosa</span> <span class='ocrx_word' id='word_1_187' title='bbox 1253 3265 1570 3354; x_wconf 84' lang='lat' dir='ltr'>voragine</span> <span class='ocrx_word' id='word_1_188' title='bbox 1599 3265 2216 3331; x_wconf 76' lang='lat' dir='ltr'>tumultuosissimas</span> <span class='ocrx_word' id='word_1_189' title='bbox 2260 3265 2688 3351; x_wconf 83' lang='lat' dir='ltr'>tempestatis.</span> 
     </span>
     <span class='ocr_line' id='line_1_25' title="bbox 581 3366 2690 3455; baseline -0.001 -22"><span class='ocrx_word' id='word_1_190' title='bbox 581 3374 620 3403; x_wconf 91' lang='lat'><em>“</em></span> <span class='ocrx_word' id='word_1_191' title='bbox 666 3367 950 3433; x_wconf 88' lang='lat' dir='ltr'>Oramus</span> <span class='ocrx_word' id='word_1_192' title='bbox 1006 3366 1212 3455; x_wconf 88' lang='lat' dir='ltr'>igitur</span> <span class='ocrx_word' id='word_1_193' title='bbox 1268 3375 1340 3434; x_wconf 92' lang='lat' dir='ltr'>et</span> <span class='ocrx_word' id='word_1_194' title='bbox 1396 3389 1534 3447; x_wconf 79' lang='lat' dir='ltr'>voe,</span> <span class='ocrx_word' id='word_1_195' title='bbox 1579 3374 1659 3435; x_wconf 85' lang='lat' dir='ltr'>ut</span> <span class='ocrx_word' id='word_1_196' title='bbox 1720 3388 1857 3433; x_wconf 87' lang='lat' dir='ltr'>una</span> <span class='ocrx_word' id='word_1_197' title='bbox 1914 3366 2256 3433; x_wconf 91' lang='lat' dir='ltr'>nobiscum</span> <span class='ocrx_word' id='word_1_198' title='bbox 2324 3368 2417 3432; x_wconf 89' lang='lat' dir='ltr'>eis</span> <span class='ocrx_word' id='word_1_199' title='bbox 2478 3367 2690 3432; x_wconf 90' lang='lat' dir='ltr'>simile</span> 
     </span>
     <span class='ocr_line' id='line_1_26' title="bbox 581 3468 2689 3557; baseline -0 -22"><span class='ocrx_word' id='word_1_200' title='bbox 581 3477 615 3505; x_wconf 93' lang='lat'><strong>“</strong></span> <span class='ocrx_word' id='word_1_201' title='bbox 660 3469 955 3536; x_wconf 86' lang='lat' dir='ltr'>offeratis</span> <span class='ocrx_word' id='word_1_202' title='bbox 999 3468 1418 3550; x_wconf 88' lang='lat' dir='ltr'>sacrificium,</span> <span class='ocrx_word' id='word_1_203' title='bbox 1454 3492 1531 3537; x_wconf 89' lang='lat' dir='ltr'>ac</span> <span class='ocrx_word' id='word_1_204' title='bbox 1560 3469 1809 3557; x_wconf 87' lang='lat' dir='ltr'>rogetis</span> <span class='ocrx_word' id='word_1_205' title='bbox 1853 3475 1934 3536; x_wconf 86' lang='lat' dir='ltr'>ut</span> <span class='ocrx_word' id='word_1_206' title='bbox 1978 3469 2439 3557; x_wconf 87' lang='lat' dir='ltr'>superaddant</span> <span class='ocrx_word' id='word_1_207' title='bbox 2481 3469 2689 3557; x_wconf 82' lang='lat' dir='ltr'>privi-</span> 
     </span>
     <span class='ocr_line' id='line_1_27' title="bbox 580 3572 2688 3662; baseline 0.001 -25"><span class='ocrx_word' id='word_1_208' title='bbox 580 3579 615 3611; x_wconf 86' lang='lat'><strong>“</strong></span> <span class='ocrx_word' id='word_1_209' title='bbox 659 3572 908 3660; x_wconf 86' lang='lat' dir='ltr'>legium</span> <span class='ocrx_word' id='word_1_210' title='bbox 952 3573 1105 3652; x_wconf 87' lang='lat' dir='ltr'>tale,</span> <span class='ocrx_word' id='word_1_211' title='bbox 1149 3594 1284 3661; x_wconf 92' lang='lat' dir='ltr'>quo</span> <span class='ocrx_word' id='word_1_212' title='bbox 1327 3578 1480 3661; x_wconf 89' lang='lat' dir='ltr'>post</span> <span class='ocrx_word' id='word_1_213' title='bbox 1522 3573 1667 3641; x_wconf 84' lang='lat' dir='ltr'>haec</span> <span class='ocrx_word' id='word_1_214' title='bbox 1717 3573 2012 3661; x_wconf 86' lang='lat' dir='ltr'>pericula</span> <span class='ocrx_word' id='word_1_215' title='bbox 2054 3572 2398 3656; x_wconf 89' lang='lat' dir='ltr'>fluctuum,</span> <span class='ocrx_word' id='word_1_216' title='bbox 2447 3573 2688 3662; x_wconf 91' lang='lat' dir='ltr'>quibus</span> 
     </span>
     <span class='ocr_line' id='line_1_28' title="bbox 580 3675 2689 3798; baseline 0 -57"><span class='ocrx_word' id='word_1_217' title='bbox 580 3684 615 3710; x_wconf 90' lang='lat'><strong><em>“</em></strong></span> <span class='ocrx_word' id='word_1_218' title='bbox 661 3679 854 3741; x_wconf 86' lang='lat' dir='ltr'>tanto</span> <span class='ocrx_word' id='word_1_219' title='bbox 911 3675 1153 3742; x_wconf 89' lang='lat' dir='ltr'>timore</span> <span class='ocrx_word' id='word_1_220' title='bbox 1213 3676 1473 3742; x_wconf 80' lang='lat' dir='ltr'>turbati</span> <span class='ocrx_word' id='word_1_221' title='bbox 1515 3676 1781 3755; x_wconf 85' lang='lat' dir='ltr'>fuimus,</span> <span class='ocrx_word' id='word_1_222' title='bbox 1842 3697 2261 3798; x_wconf 87' lang='lat' dir='ltr'>nequaquam</span> <span class='ocrx_word' id='word_1_223' title='bbox 2321 3682 2689 3743; x_wconf 90' lang='lat' dir='ltr'>terreamur</span> 
     </span>
     <span class='ocr_line' id='line_1_29' title="bbox 604 3778 2685 3868; baseline 0.001 -24.061"><span class='ocrx_word' id='word_1_224' title='bbox 604 3778 749 3843; x_wconf 92' lang='lat' dir='ltr'>‘de</span> <span class='ocrx_word' id='word_1_225' title='bbox 788 3783 1059 3860; x_wconf 77' lang='lat' dir='ltr'>caeter03</span> <span class='ocrx_word' id='word_1_226' title='bbox 1095 3780 1318 3860; x_wconf 90' lang='lat' dir='ltr'>immo,</span> <span class='ocrx_word' id='word_1_227' title='bbox 1349 3784 1499 3866; x_wconf 91' lang='lat' dir='ltr'>post</span> <span class='ocrx_word' id='word_1_228' title='bbox 1526 3801 1829 3868; x_wconf 88' lang='lat' dir='ltr'>asperum</span> <span class='ocrx_word' id='word_1_229' title='bbox 1860 3780 2264 3868; x_wconf 89' lang='lat' dir='ltr'>principium</span> <span class='ocrx_word' id='word_1_230' title='bbox 2293 3781 2685 3848; x_wconf 86' lang='lat' dir='ltr'>clementem</span> 
     </span>
     <span class='ocr_line' id='line_1_30' title="bbox 578 3881 2686 3971; baseline 0 -24"><span class='ocrx_word' id='word_1_231' title='bbox 578 3881 1083 3969; x_wconf 89' lang='lat' dir='ltr'>“experiamur</span> <span class='ocrx_word' id='word_1_232' title='bbox 1108 3882 1467 3962; x_wconf 86' lang='lat' dir='ltr'>fortunam,</span> <span class='ocrx_word' id='word_1_233' title='bbox 1512 3905 1591 3949; x_wconf 89' lang='lat' dir='ltr'>ac</span> <span class='ocrx_word' id='word_1_234' title='bbox 1628 3883 1761 3950; x_wconf 92' lang='lat' dir='ltr'>iter</span> <span class='ocrx_word' id='word_1_235' title='bbox 1788 3904 2169 3949; x_wconf 89' lang='lat' dir='ltr'>censeamus</span> <span class='ocrx_word' id='word_1_236' title='bbox 2213 3883 2686 3971; x_wconf 86' lang='lat' dir='ltr'>prosperiorem</span> 
     </span>
     <span class='ocr_line' id='line_1_31' title="bbox 599 3985 2688 4073; baseline 0 -24.029"><span class='ocrx_word' id='word_1_237' title='bbox 599 3986 732 4050; x_wconf 89' lang='lat' dir='ltr'>‘in</span> <span class='ocrx_word' id='word_1_238' title='bbox 774 3985 1018 4052; x_wconf 82' lang='lat' dir='ltr'>futuro,</span> <span class='ocrx_word' id='word_1_239' title='bbox 1109 3985 1203 4052; x_wconf 84' lang='lat' dir='ltr'>Et</span> <span class='ocrx_word' id='word_1_240' title='bbox 1244 3985 1437 4052; x_wconf 85' lang='lat' dir='ltr'>flexis</span> <span class='ocrx_word' id='word_1_241' title='bbox 1481 4008 1793 4073; x_wconf 84' lang='lat' dir='ltr'>rogamus</span> <span class='ocrx_word' id='word_1_242' title='bbox 1837 3985 2118 4072; x_wconf 84' lang='lat' dir='ltr'>genibus</span> <span class='ocrx_word' id='word_1_243' title='bbox 2162 3985 2306 4051; x_wconf 89' lang='lat' dir='ltr'>sine</span> <span class='ocrx_word' id='word_1_244' title='bbox 2349 3985 2688 4051; x_wconf 85' lang='lat' dir='ltr'>intermis-</span> 
     </span>
     <span class='ocr_line' id='line_1_32' title="bbox 579 4085 2017 4174; baseline -0.001 -20.94"><span class='ocrx_word' id='word_1_245' title='bbox 579 4086 859 4169; x_wconf 85' lang='lat' dir='ltr'>“sione,</span> <span class='ocrx_word' id='word_1_246' title='bbox 902 4108 1025 4174; x_wconf 91' lang='lat' dir='ltr'>pro</span> <span class='ocrx_word' id='word_1_247' title='bbox 1068 4086 1199 4153; x_wconf 89' lang='lat' dir='ltr'>hiis</span> <span class='ocrx_word' id='word_1_248' title='bbox 1242 4088 1643 4155; x_wconf 85' lang='lat' dir='ltr'>successibus</span> <span class='ocrx_word' id='word_1_249' title='bbox 1677 4085 2017 4154; x_wconf 86' lang='lat' dir='ltr'>exoretis’&#39;</span> 
     </span>
     <span class='ocr_line' id='line_1_33' title="bbox 673 4188 2687 4278; baseline -0.001 -21"><span class='ocrx_word' id='word_1_250' title='bbox 673 4189 843 4257; x_wconf 78' lang='lat' dir='ltr'>Cum</span> <span class='ocrx_word' id='word_1_251' title='bbox 885 4189 1017 4255; x_wconf 89' lang='lat' dir='ltr'>hiis</span> <span class='ocrx_word' id='word_1_252' title='bbox 1061 4188 1555 4269; x_wconf 84' lang='lat' dir='ltr'>certificatoriis,</span> <span class='ocrx_word' id='word_1_253' title='bbox 1598 4191 2074 4276; x_wconf 87' lang='lat' dir='ltr'>subsequenter</span> <span class='ocrx_word' id='word_1_254' title='bbox 2135 4189 2274 4256; x_wconf 88' lang='lat' dir='ltr'>suis</span> <span class='ocrx_word' id='word_1_255' title='bbox 2334 4189 2687 4278; x_wconf 88' lang='lat' dir='ltr'>transcrip-</span> 
     </span>
     <span class='ocr_line' id='line_1_34' title="bbox 581 4289 2690 4408; baseline 0 -51"><span class='ocrx_word' id='word_1_256' title='bbox 581 4292 674 4357; x_wconf 87' lang='lat' dir='ltr'>sit</span> <span class='ocrx_word' id='word_1_257' title='bbox 720 4289 1130 4408; x_wconf 40' lang='lat' dir='ltr'>discipulis-⁴</span> <span class='ocrx_word' id='word_1_258' title='bbox 1153 4292 1661 4372; x_wconf 83' lang='lat' dir='ltr'>exhortationes,</span> <span class='ocrx_word' id='word_1_259' title='bbox 1707 4295 2037 4379; x_wconf 87' lang='lat' dir='ltr'>quatenus</span> <span class='ocrx_word' id='word_1_260' title='bbox 2081 4290 2243 4358; x_wconf 88' lang='lat' dir='ltr'>dum</span> <span class='ocrx_word' id='word_1_261' title='bbox 2296 4291 2436 4380; x_wconf 89' lang='lat' dir='ltr'>ipse</span> <span class='ocrx_word' id='word_1_262' title='bbox 2480 4296 2690 4359; x_wconf 88' lang='lat' dir='ltr'>staret</span> 
     </span>
     <span class='ocr_line' id='line_1_35' title="bbox 580 4392 2689 4528; baseline -0.001 -67"><span class='ocrx_word' id='word_1_263' title='bbox 580 4392 852 4461; x_wconf 87' lang='lat' dir='ltr'>avulsus</span> <span class='ocrx_word' id='word_1_264' title='bbox 895 4394 982 4459; x_wconf 88' lang='lat' dir='ltr'>ab</span> <span class='ocrx_word' id='word_1_265' title='bbox 1024 4393 1121 4459; x_wconf 90' lang='lat' dir='ltr'>eis</span> <span class='ocrx_word' id='word_1_266' title='bbox 1172 4399 1466 4481; x_wconf 89' lang='lat' dir='ltr'>quantus</span> <span class='ocrx_word' id='word_1_267' title='bbox 1516 4398 1619 4460; x_wconf 89' lang='lat' dir='ltr'>est</span> <span class='ocrx_word' id='word_1_268' title='bbox 1661 4392 1919 4481; x_wconf 77' lang='lat' dir='ltr'>⁶jactus</span> <span class='ocrx_word' id='word_1_269' title='bbox 1962 4394 2221 4482; x_wconf 88' lang='lat' dir='ltr'>lapidis,</span> <span class='ocrx_word' id='word_1_270' title='bbox 2262 4393 2399 4528; x_wconf 86' lang='lat' dir='ltr'>ipsi</span> <span class='ocrx_word' id='word_1_271' title='bbox 2444 4417 2564 4528; x_wconf 90' lang='lat' dir='ltr'>pro</span> <span class='ocrx_word' id='word_1_272' title='bbox 2609 4417 2689 4459; x_wconf 93' lang='lat' dir='ltr'>eo</span> 
     </span>
    </p>
   </div>
   <div class='ocr_carea' id='block_1_3' title="bbox 587 4522 650 4529">
    <p class='ocr_par' dir='ltr' id='par_1_3' title="bbox 587 4522 650 4529">
     <span class='ocr_line' id='line_1_36' title="bbox 587 4522 650 4529; baseline -0.016 0"><span class='ocrx_word' id='word_1_273' title='bbox 587 4522 650 4529; x_wconf 36' lang='lat' dir='ltr'>-k</span> 
     </span>
    </p>
   </div>
   <div class='ocr_carea' id='block_1_4' title="bbox 739 4523 946 4529">
    <p class='ocr_par' dir='ltr' id='par_1_4' title="bbox 739 4523 946 4529">
     <span class='ocr_line' id='line_1_37' title="bbox 739 4523 946 4529; baseline 0 0"><span class='ocrx_word' id='word_1_274' title='bbox 739 4523 946 4529; x_wconf 95' lang='lat' dir='ltr'> </span> 
     </span>
    </p>
   </div>
   <div class='ocr_carea' id='block_1_5' title="bbox 580 4593 2591 4819">
    <p class='ocr_par' dir='ltr' id='par_1_5' title="bbox 580 4593 2591 4819">
     <span class='ocr_line' id='line_1_38' title="bbox 647 4593 2095 4648; baseline -0.001 -1.968"><span class='ocrx_word' id='word_1_275' title='bbox 647 4595 807 4646; x_wconf 75' lang='lat' dir='ltr'>¹Sel</span> <span class='ocrx_word' id='word_1_276' title='bbox 793 4611 846 4645; x_wconf 86' lang='lat' dir='ltr'>m</span> <span class='ocrx_word' id='word_1_277' title='bbox 867 4596 981 4647; x_wconf 82' lang='lat' dir='ltr'>MS.</span> <span class='ocrx_word' id='word_1_278' title='bbox 1797 4594 1894 4643; x_wconf 77' lang='grc' dir='ltr'>ίιῖηι</span> <span class='ocrx_word' id='word_1_279' title='bbox 1909 4593 1961 4643; x_wconf 89' lang='lat' dir='ltr'>in</span> <span class='ocrx_word' id='word_1_280' title='bbox 1982 4594 2095 4648; x_wconf 81' lang='lat' dir='ltr'>MS.</span> 
     </span>
     <span class='ocr_line' id='line_1_39' title="bbox 650 4672 2329 4738; baseline 0.001 -16"><span class='ocrx_word' id='word_1_281' title='bbox 650 4674 673 4708; x_wconf 69' lang='lat'><strong>⁹</strong></span> <span class='ocrx_word' id='word_1_282' title='bbox 693 4672 900 4724; x_wconf 74' lang='lat' dir='ltr'>Eoleum</span> <span class='ocrx_word' id='word_1_283' title='bbox 943 4675 996 4725; x_wconf 88' lang='lat' dir='ltr'>in</span> <span class='ocrx_word' id='word_1_284' title='bbox 1037 4675 1153 4727; x_wconf 75' lang='grc' dir='ltr'>ΜΒ.</span> <span class='ocrx_word' id='word_1_285' title='bbox 1187 4696 1204 4738; x_wconf 68' lang='lat'>3</span> <span class='ocrx_word' id='word_1_286' title='bbox 1257 4674 1312 4725; x_wconf 86' lang='lat' dir='ltr'>in</span> <span class='ocrx_word' id='word_1_287' title='bbox 1355 4674 1585 4735; x_wconf 83' lang='lat' dir='ltr'>allusion,</span> <span class='ocrx_word' id='word_1_288' title='bbox 1752 4672 1775 4704; x_wconf 89' lang='lat'><strong>⁴</strong></span> <span class='ocrx_word' id='word_1_289' title='bbox 1794 4676 2120 4724; x_wconf 73' lang='lat' dir='ltr'>exortationes</span> <span class='ocrx_word' id='word_1_290' title='bbox 2138 4674 2192 4724; x_wconf 87' lang='lat' dir='ltr'>in</span> <span class='ocrx_word' id='word_1_291' title='bbox 2214 4672 2329 4726; x_wconf 80' lang='lat' dir='ltr'>MS.</span> 
     </span>
     <span class='ocr_line' id='line_1_40' title="bbox 580 4751 2591 4819; baseline 0 -15"><span class='ocrx_word' id='word_1_292' title='bbox 580 4753 838 4819; x_wconf 83' lang='lat' dir='ltr'>probably,</span> <span class='ocrx_word' id='word_1_293' title='bbox 860 4761 915 4805; x_wconf 91' lang='lat' dir='ltr'>to</span> <span class='ocrx_word' id='word_1_294' title='bbox 936 4755 1025 4804; x_wconf 80' lang='lat' dir='ltr'>the</span> <span class='ocrx_word' id='word_1_295' title='bbox 1046 4754 1253 4817; x_wconf 71' lang='lat' dir='ltr'>AEneid,</span> <span class='ocrx_word' id='word_1_296' title='bbox 1274 4755 1311 4806; x_wconf 84' lang='lat' dir='ltr'>i.</span> <span class='ocrx_word' id='word_1_297' title='bbox 1338 4758 1449 4804; x_wconf 79' lang='lat'>141.</span> <span class='ocrx_word' id='word_1_298' title='bbox 1755 4753 1776 4785; x_wconf 83' lang='lat'>⁵</span> <span class='ocrx_word' id='word_1_299' title='bbox 1800 4754 1864 4803; x_wconf 89' lang='lat' dir='ltr'>In</span> <span class='ocrx_word' id='word_1_300' title='bbox 1884 4753 2099 4806; x_wconf 82' lang='lat' dir='ltr'>allusion</span> <span class='ocrx_word' id='word_1_301' title='bbox 2119 4760 2175 4805; x_wconf 81' lang='lat' dir='ltr'>to</span> <span class='ocrx_word' id='word_1_302' title='bbox 2195 4751 2340 4805; x_wconf 65' lang='lat' dir='ltr'>lake</span> <span class='ocrx_word' id='word_1_303' title='bbox 2360 4753 2485 4806; x_wconf 83' lang='lat' dir='ltr'>xxii.</span> <span class='ocrx_word' id='word_1_304' title='bbox 2509 4760 2591 4805; x_wconf 72' lang='lat'>41.</span> 
     </span>
    </p>
   </div>
  </div>
 </body>
</html>
