3467 5717
842 806 970 873 396
1500 816 1824 869 ANNALES
1865 816 2296 870 MoNAs'rERn

501 1000 637 1055 ΑΒ·
669 1009 812 1061 143⁴·
836 1012 874 1043 “
918 1006 1125 1092 gulos,
1172 1006 1351 1072 dicta
1394 1004 1706 1073 canonica
1749 1004 2119 1072 monitione
2170 1005 2526 1091 praemissa,
2572 1027 2951 1073 excommu-

833 1220 867 1247 “
911 1211 1042 1277 hiis
1086 1212 1573 1297 delinquentur,
1617 1210 2112 1297 suspensionem
2157 1233 2196 1276 a
2232 1210 2499 1291 divinis,
2543 1215 2615 1275 et
2657 1211 2730 1275 in
2773 1211 2951 1297 ipso-

833 1318 873 1348 “
917 1335 1066 1378 rum
1112 1313 1639 1399 delinquentium
1684 1311 1983 1378 ecclesias
2029 1317 2098 1377 et
2141 1312 2561 1392 monasteria,
2606 1311 2948 1379 interdicti

836 1424 869 1450 “
915 1417 1295 1497 sententias,
1339 1416 1612 1482 ferimus
1669 1414 1744 1478 in
1789 1414 1922 1479 hiis
1966 1415 2246 1501 scriptis,
2295 1418 2365 1479 et
2408 1414 2613 1479 etiam
2659 1414 2951 1501 promul-

833 1527 869 1554 “
912 1540 1160 1606 gamus,
1271 1517 1778 1584 Absolutionem
1842 1538 1999 1582 vero
2075 1517 2371 1583 omnium
2417 1521 2489 1583 et
2531 1518 2949 1605 singulorum

833 1630 867 1656 “
915 1622 1031 1707 qui
1091 1619 1401 1707 praefatas
1453 1623 1716 1684 nostras
1760 1619 2144 1699 sententias,
2189 1624 2312 1685 aut
2362 1639 2590 1685 eorum
2634 1619 2945 1706 aliquam,

835 1729 871 1759 “
914 1724 1315 1789 incurrerint
1358 1743 1474 1789 seu
1527 1722 1884 1788 incurrerit
1929 1721 2405 1808 quoquomodO,
2436 1722 2629 1788 nobis
2671 1722 2781 1787 vel
2839 1743 2948 1787 su-

836 1833 871 1862 “
916 1824 1158 1912 periori
1203 1828 1429 1890 nostro
1489 1822 1956 1889 tantummodo
2007 1844 2434 1890 reservamus,
2526 1823 2613 1887 In
2664 1844 2947 1910 quorum

834 1932 872 1962 “
920 1926 1216 1992 omnium
1278 1933 1347 1993 et
1406 1925 1813 2013 singulorum
1874 1923 2093 2005 fidem,
2140 1930 2210 1991 et
2272 1924 2729 1991 testimonium
2781 1948 2944 2012 prae·

837 2035 872 2064 “
919 2030 1285 2107 missorum,
1330 2032 1687 2115 praesentes
1732 2027 2008 2106 litteras,
2054 2026 2197 2092 sive
2256 2048 2547 2112 praesens
2604 2026 2945 2114 publicum

834 2139 870 2166 “
914 2131 1448 2206 instrumentum,
1525 2134 1787 2196 nostras
1841 2128 2132 2194 Litteras
2193 2128 2685 2215 Compulsorias
2747 2130 2822 2194 in
2876 2151 2946 2195 se

838 2241 873 2268 ‘¹
918 2232 1348 2310 continentes,
1392 2232 1535 2297 sive
1595 2231 1960 2310 continens,
2014 2229 2258 2296 exinde
2315 2230 2478 2308 fieri,
2528 2240 2599 2295 et
2642 2252 2760 2317 per
2806 2230 2948 2296 No·

837 2343 872 2371 “
918 2335 1165 2401 tarium
1238 2310 1599 2412 Publicum,
1653 2340 2085 2420 nostrumque
2154 2338 2223 2399 et
2290 2331 2668 2418 hujusmodi
2734 2355 2949 2399 causae

834 2445 870 2473 “
915 2459 1135 2504 coram
1179 2436 1372 2502 nobis
1424 2436 1706 2502 scribam
1751 2435 2264 2522 infrascriptum,
2297 2434 2624 2501 subscribi
2669 2441 2739 2502 et
2780 2436 2950 2523 pub·

837 2546 873 2574 “
918 2539 1101 2604 licari
1160 2538 1644 2620 mandavimus,
1704 2536 2046 2623 nostrique
2099 2536 2301 2623 sigilli
2361 2536 2640 2602 fecimus
2701 2558 2946 2624 appen-

835 2648 872 2676 “
918 2641 1101 2705 sione
1167 2638 1577 2705 communiri.
1697 2639 1952 2704 Datum
2017 2642 2087 2704 et
2154 2642 2378 2703 actum
2438 2637 2814 2719 Florentiae,
2874 2640 2946 2704 in

835 2751 870 2777 “
913 2741 1110 2807 domo
1155 2740 1591 2806 habitationis
1632 2748 1896 2820 nostrae,
1928 2741 2053 2805 sub
2098 2761 2272 2805 anno
2316 2763 2359 2805 a
2388 2739 2454 2804 N
2458 2739 2772 2806 ativitate
2810 2739 2947 2806 Do-

837 2852 876 2879 “
918 2844 1085 2910 mini
1130 2843 1478 2909 millesimo
1538 2842 2197 2929 quadringentesimo
2256 2842 2588 2908 tricesimo
2631 2840 2657 2880 ¹
2680 2848 2944 2928 quarto,

839 2954 874 2983 “
923 2945 1291 3012 Indictione
1358 2944 1762 3023 duodecima,
1817 2944 1923 3009 die
1976 2965 2137 3009 vero
2197 2943 2495 3024 Sabbati,
2546 2943 2940 3009 decima-oc-

840 3057 875 3084 “
922 3055 1084 3115 tava
1126 3046 1370 3114 mensis
1428 3046 1828 3128 Decembris,
1884 3045 2321 3112 Pontificatus
2364 3044 2629 3132 praefati
2673 3045 2946 3111 Domini

842 3158 878 3186 “
926 3150 1157 3230 nostri,
1189 3148 1488 3237 Eugenii‚
1522 3149 1736 3235 Papae,
1771 3147 2028 3229 Quarti,
2061 3170 2236 3213 anno
2274 3152 2555 3234 quart03
2603 3148 2949 3235 praesenti-

840 3262 876 3289 “
924 3254 1046 3318 bus
1083 3252 1333 3317 ibidem
1378 3251 1679 3317 discretis
1722 3250 1904 3330 viris,
1940 3250 2279 3337 Magistris
2328 3249 2623 3315 Gerardo
2670 3249 2947 3315 Mesken

840 3364 876 3392 “
922 3362 991 3422 et
1037 3352 1330 3420 Gerardo
1377 3352 1547 3419 Sant
1593 3351 1840 3433 Kanix,
1889 3351 1957 3417 N
1960 3352 2188 3417 otariis
2231 3350 2543 3430 Publicis,
2586 3350 2947 3438 scribisque

839 3464 872 3495 “
920 3457 1184 3537 nostriS,
1221 3455 1471 3522 clericis
1503 3454 2046 3521 Monasteriensis
2077 3456 2102 3494 ²
2126 3454 2448 3521 Dioecesis
2492 3458 2564 3543 et
2608 3452 2947 3519 Osnabur-

840 3566 879 3596 ‘⁸
923 3560 1145 3647 gensis
1176 3559 1513 3637 Civitatis,
1558 3544 1845 3625 testibus
1888 3557 1975 3623 ad
2022 3556 2361 3644 praemissa
2404 3554 2662 3623 vocatis
2706 3557 2951 3642 specia-

839 3667 878 3697 “
923 3660 1095 3737 liter,
1139 3664 1210 3725 et
1254 3658 1560 3745 rogatis.‘'

929 3766 965 3796 “
997 3761 1088 3826 Et
1151 3782 1287 3847 eg0,
1337 3759 1400 3823 N
1405 3760 1652 3826 icolaus
1698 3757 2044 3841 Gherardi,
2107 3759 2189 3825 de
2251 3757 2621 3840 Schiedam,
2675 3758 2950 3825 clericus

838 3871 874 3899 ‘⁸
918 3861 1355 3949 Trajeetensis
1409 3860 1436 3897 ²
1451 3860 1788 3942 Dioecesis,
1819 3860 2149 3942 Publicus,
2180 3860 2564 3947 Apostolica
2608 3864 2681 3925 et
2726 3858 2949 3946 Impe-

838 3975 873 4003 “
918 3965 1068 4032 riali
1113 3963 1642 4042 auctoritatibus,
1718 3963 2063 4046 Notarius,
2137 3984 2214 4028 ac
2275 3961 2650 4029 Reverendi
2704 3961 2945 4040 Patris»,

841 4076 873 4105 “
918 4067 1189 4134 Domini
1237 4064 1631 4145 Geminiani,
1681 4063 1894 4132 Electi
1938 4063 2446 4144 Tuditernensis,
2480 4068 2551 4129 et
2596 4062 2947 4129 Auditoris

840 4175 876 4205 ‘⁸
921 4168 1199 4257 praefati,
1243 4173 1313 4234 et
1373 4166 1751 4253 hujusmodi
1812 4188 2025 4232 causae
2086 4187 2300 4232 coram
2348 4186 2443 4244 e0,
2490 4164 2740 4246 Scriba,
2789 4164 2949 4250 quia

839 4280 875 4308 “
919 4271 1246 4337 dictarum
1277 4270 1684 4336 Litterarum
1717 4267 2318 4356 Compulsoriarum
2362 4267 2682 4356 petitioni
2718 4271 2786 4332 et
2831 4266 2949 4331 de·

837 4381 876 4411 “
920 4376 1115 4453 crete,
1163 4371 1597 4457 omnibusque
1640 4369 1791 4436 aliis
1835 4374 1905 4436 et
1949 4369 2230 4457 singulis
2274 4368 2647 4456 praemissiS,
2693 4373 2772 4434 ut
2832 4366 2951 4445 sic,

843 4483 880 4513 “
927 4480 1008 4541 ut
1050 4473 1078 4513 ³
1096 4473 1547 4562 praemittitur,
1579 4473 1820 4538 fierent
1850 4477 1920 4538 et
1949 4477 2322 4559 agerentur,
2354 4492 2489 4536 una
2533 4492 2682 4535 cum
2731 4467 2756 4506 ⁴
2775 4491 2949 4556 prae-

908 4677 923 4709 ¹
950 4676 1045 4728 See
1061 4691 1188 4741 page
1212 4679 1310 4727 379
1332 4681 1464 4736 ante,
1484 4673 1615 4725 Note
1639 4671 1671 4724 ¹.
2000 4671 2025 4704 ³
2040 4671 2345 4737 promittitur
2366 4669 2419 4720 in
2441 4670 2554 4721 MS.

906 4754 927 4788 2
949 4752 1182 4805 Diocesis
1204 4752 1256 4804 in
1281 4753 1394 4805 MS.
2000 4751 2020 4782 ⁴
2041 4751 2333 4817 promittatis
2355 4749 2407 4800 in
2432 4750 2543 4802 MS.
