<?xml version="1.0" encoding="UTF-8"?>
<!DOCTYPE html PUBLIC "-//W3C//DTD XHTML 1.0 Transitional//EN"
    "http://www.w3.org/TR/xhtml1/DTD/xhtml1-transitional.dtd">
<html xmlns="http://www.w3.org/1999/xhtml" xml:lang="en" lang="en">
 <head>
  <title>
</title>
<meta http-equiv="Content-Type" content="text/html;charset=utf-8" />
  <meta name='ocr-system' content='tesseract 3.04.00' />
  <meta name='ocr-capabilities' content='ocr_page ocr_carea ocr_par ocr_line ocrx_word'/>
</head>
<body>
  <div class='ocr_page' id='page_1' title='image "./annalesmonaster00unkngoog_0198.png"; bbox 0 0 3467 5717; ppageno 0'>
   <div class='ocr_carea' id='block_1_1' title="bbox 772 820 2196 884">
    <p class='ocr_par' dir='ltr' id='par_1_1' title="bbox 772 820 2196 884">
     <span class='ocr_line' id='line_1_1' title="bbox 772 820 2196 884; baseline -0.004 -2"><span class='ocrx_word' id='word_1_1' title='bbox 772 820 896 884; x_wconf 76' lang='lat'><strong>132</strong></span> <span class='ocrx_word' id='word_1_2' title='bbox 1415 828 1732 881; x_wconf 72' lang='lat' dir='ltr'><strong>ANNALns</strong></span> <span class='ocrx_word' id='word_1_3' title='bbox 1777 827 2196 879; x_wconf 72' lang='lat' dir='ltr'><strong>MoNAsTan</strong></span> 
     </span>
    </p>
   </div>
   <div class='ocr_carea' id='block_1_2' title="bbox 427 1018 2872 2441">
    <p class='ocr_par' dir='ltr' id='par_1_2' title="bbox 434 1018 2872 2235">
     <span class='ocr_line' id='line_1_2' title="bbox 434 1018 2870 1109; baseline -0.002 -20"><span class='ocrx_word' id='word_1_4' title='bbox 434 1018 568 1066; x_wconf 88' lang='lat' dir='ltr'>A.D.</span> <span class='ocrx_word' id='word_1_5' title='bbox 599 1022 740 1070; x_wconf 71' lang='lat'><strong>¹⁴23·</strong></span> <span class='ocrx_word' id='word_1_6' title='bbox 767 1028 804 1059; x_wconf 88' lang='lat'><strong>“</strong></span> <span class='ocrx_word' id='word_1_7' title='bbox 850 1025 1079 1109; x_wconf 87' lang='lat' dir='ltr'><strong>legem,</strong></span> <span class='ocrx_word' id='word_1_8' title='bbox 1127 1028 1195 1090; x_wconf 90' lang='lat' dir='ltr'><strong>et</strong></span> <span class='ocrx_word' id='word_1_9' title='bbox 1240 1025 1409 1088; x_wconf 90' lang='lat' dir='ltr'><strong>citra</strong></span> <span class='ocrx_word' id='word_1_10' title='bbox 1469 1023 1933 1109; x_wconf 85' lang='lat' dir='ltr'><strong>perfectionem</strong></span> <span class='ocrx_word' id='word_1_11' title='bbox 1995 1020 2412 1086; x_wconf 81' lang='lat' dir='ltr'><strong>ecclesiastici</strong></span> <span class='ocrx_word' id='word_1_12' title='bbox 2458 1020 2711 1106; x_wconf 86' lang='lat' dir='ltr'><strong>negotii</strong></span> <span class='ocrx_word' id='word_1_13' title='bbox 2759 1042 2870 1085; x_wconf 80' lang='lat' dir='ltr'><strong>ve-</strong></span> 
     </span>
     <span class='ocr_line' id='line_1_3' title="bbox 768 1120 2872 1208; baseline -0.002 -18"><span class='ocrx_word' id='word_1_14' title='bbox 768 1136 800 1160; x_wconf 90' lang='lat'><em>“</em></span> <span class='ocrx_word' id='word_1_15' title='bbox 846 1128 1131 1191; x_wconf 80' lang='lat' dir='ltr'><strong>corditer</strong></span> <span class='ocrx_word' id='word_1_16' title='bbox 1175 1127 1464 1190; x_wconf 76' lang='lat' dir='ltr'><strong>retroire.</strong></span> <span class='ocrx_word' id='word_1_17' title='bbox 1559 1126 1795 1206; x_wconf 81' lang='lat' dir='ltr'><strong>Quare,</strong></span> <span class='ocrx_word' id='word_1_18' title='bbox 1842 1124 2065 1201; x_wconf 86' lang='lat' dir='ltr'><strong>frater,</strong></span> <span class='ocrx_word' id='word_1_19' title='bbox 2096 1145 2179 1187; x_wconf 91' lang='lat' dir='ltr'><strong>ne</strong></span> <span class='ocrx_word' id='word_1_20' title='bbox 2226 1143 2376 1188; x_wconf 91' lang='lat' dir='ltr'><strong>cum</strong></span> <span class='ocrx_word' id='word_1_21' title='bbox 2420 1120 2604 1208; x_wconf 90' lang='lat' dir='ltr'><strong>prole</strong></span> <span class='ocrx_word' id='word_1_22' title='bbox 2652 1122 2673 1159; x_wconf 87' lang='lat'>¹</span> <span class='ocrx_word' id='word_1_23' title='bbox 2696 1122 2872 1187; x_wconf 86' lang='lat' dir='ltr'><strong>Sele-</strong></span> 
     </span>
     <span class='ocr_line' id='line_1_4' title="bbox 767 1224 2870 1315; baseline -0.002 -22"><span class='ocrx_word' id='word_1_24' title='bbox 767 1238 800 1263; x_wconf 91' lang='lat'>“</span> <span class='ocrx_word' id='word_1_25' title='bbox 847 1230 998 1293; x_wconf 86' lang='lat' dir='ltr'><strong>neia</strong></span> <span class='ocrx_word' id='word_1_26' title='bbox 1042 1229 1423 1315; x_wconf 78' lang='lat' dir='ltr'><strong>lacrymosis</strong></span> <span class='ocrx_word' id='word_1_27' title='bbox 1468 1229 1750 1315; x_wconf 87' lang='lat' dir='ltr'><strong>querelis</strong></span> <span class='ocrx_word' id='word_1_28' title='bbox 1779 1225 2085 1292; x_wconf 77' lang='lat' dir='ltr'><strong>2amnem</strong></span> <span class='ocrx_word' id='word_1_29' title='bbox 2122 1225 2456 1312; x_wconf 87' lang='lat' dir='ltr'><strong>impleatis</strong></span> <span class='ocrx_word' id='word_1_30' title='bbox 2485 1224 2870 1303; x_wconf 82' lang='lat' dir='ltr'><strong>Eridanum,</strong></span> 
     </span>
     <span class='ocr_line' id='line_1_5' title="bbox 766 1328 2868 1418; baseline -0.002 -22"><span class='ocrx_word' id='word_1_31' title='bbox 766 1340 801 1367; x_wconf 91' lang='lat'>“</span> <span class='ocrx_word' id='word_1_32' title='bbox 846 1337 915 1396; x_wconf 91' lang='lat' dir='ltr'><strong>et</strong></span> <span class='ocrx_word' id='word_1_33' title='bbox 946 1354 1064 1418; x_wconf 91' lang='lat' dir='ltr'><strong>pro</strong></span> <span class='ocrx_word' id='word_1_34' title='bbox 1096 1332 1334 1417; x_wconf 90' lang='lat' dir='ltr'><strong>pannis</strong></span> <span class='ocrx_word' id='word_1_35' title='bbox 1368 1352 1617 1417; x_wconf 87' lang='lat' dir='ltr'><strong>pennas</strong></span> <span class='ocrx_word' id='word_1_36' title='bbox 1660 1330 1958 1395; x_wconf 87' lang='lat' dir='ltr'><strong>induatis</strong></span> <span class='ocrx_word' id='word_1_37' title='bbox 1987 1329 2216 1395; x_wconf 89' lang='lat' dir='ltr'><strong>vultus</strong></span> <span class='ocrx_word' id='word_1_38' title='bbox 2259 1328 2577 1415; x_wconf 87' lang='lat' dir='ltr'><strong>lugubris,</strong></span> <span class='ocrx_word' id='word_1_39' title='bbox 2605 1329 2868 1414; x_wconf 87' lang='lat' dir='ltr'><strong>rogetis,</strong></span> 
     </span>
     <span class='ocr_line' id='line_1_6' title="bbox 768 1431 2868 1520; baseline -0.002 -21"><span class='ocrx_word' id='word_1_40' title='bbox 768 1444 800 1469; x_wconf 91' lang='lat'><strong>“</strong></span> <span class='ocrx_word' id='word_1_41' title='bbox 847 1456 1240 1520; x_wconf 86' lang='lat' dir='ltr'><strong>quaesumus‚</strong></span> <span class='ocrx_word' id='word_1_42' title='bbox 1284 1456 1615 1499; x_wconf 88' lang='lat' dir='ltr'><strong>summum</strong></span> <span class='ocrx_word' id='word_1_43' title='bbox 1661 1432 2041 1519; x_wconf 85' lang='lat' dir='ltr'><strong>Apollinem</strong></span> <span class='ocrx_word' id='word_1_44' title='bbox 2085 1433 2182 1498; x_wconf 89' lang='lat' dir='ltr'><strong>sic</strong></span> <span class='ocrx_word' id='word_1_45' title='bbox 2243 1454 2365 1498; x_wconf 90' lang='lat' dir='ltr'><strong>nos</strong></span> <span class='ocrx_word' id='word_1_46' title='bbox 2424 1431 2750 1496; x_wconf 86' lang='lat' dir='ltr'><strong>instruere</strong></span> <span class='ocrx_word' id='word_1_47' title='bbox 2795 1432 2868 1495; x_wconf 87' lang='lat' dir='ltr'><strong>in</strong></span> 
     </span>
     <span class='ocr_line' id='line_1_7' title="bbox 767 1531 2868 1622; baseline -0.002 -21"><span class='ocrx_word' id='word_1_48' title='bbox 767 1546 801 1572; x_wconf 86' lang='lat'><em>“</em></span> <span class='ocrx_word' id='word_1_49' title='bbox 845 1536 1056 1601; x_wconf 87' lang='lat' dir='ltr'><strong>nostri</strong></span> <span class='ocrx_word' id='word_1_50' title='bbox 1115 1535 1432 1622; x_wconf 88' lang='lat' dir='ltr'><strong>regimine</strong></span> <span class='ocrx_word' id='word_1_51' title='bbox 1491 1535 1770 1613; x_wconf 89' lang='lat' dir='ltr'><strong>itineris,</strong></span> <span class='ocrx_word' id='word_1_52' title='bbox 1825 1540 2154 1620; x_wconf 88' lang='lat' dir='ltr'><strong>quatenus</strong></span> <span class='ocrx_word' id='word_1_53' title='bbox 2213 1555 2333 1599; x_wconf 92' lang='lat' dir='ltr'><strong>nec</strong></span> <span class='ocrx_word' id='word_1_54' title='bbox 2390 1532 2593 1598; x_wconf 86' lang='lat' dir='ltr'><strong>altius</strong></span> <span class='ocrx_word' id='word_1_55' title='bbox 2650 1531 2868 1620; x_wconf 87' lang='lat' dir='ltr'><strong>ingre-</strong></span> 
     </span>
     <span class='ocr_line' id='line_1_8' title="bbox 769 1635 2870 1717; baseline -0.002 -14"><span class='ocrx_word' id='word_1_56' title='bbox 769 1646 803 1673; x_wconf 86' lang='lat'><em>“</em></span> <span class='ocrx_word' id='word_1_57' title='bbox 848 1638 1108 1703; x_wconf 77' lang='lat' dir='ltr'><strong>dientes</strong></span> <span class='ocrx_word' id='word_1_58' title='bbox 1135 1635 1162 1676; x_wconf 74' lang='lat'><strong>³</strong></span> <span class='ocrx_word' id='word_1_59' title='bbox 1184 1658 1549 1703; x_wconf 82' lang='lat' dir='ltr'><strong>crememur</strong></span> <span class='ocrx_word' id='word_1_60' title='bbox 1576 1636 1848 1702; x_wconf 90' lang='lat' dir='ltr'><strong>flamma</strong></span> <span class='ocrx_word' id='word_1_61' title='bbox 1894 1636 2110 1717; x_wconf 89' lang='lat' dir='ltr'><strong>solari,</strong></span> <span class='ocrx_word' id='word_1_62' title='bbox 2143 1657 2264 1702; x_wconf 88' lang='lat' dir='ltr'><strong>nec</strong></span> <span class='ocrx_word' id='word_1_63' title='bbox 2307 1635 2659 1701; x_wconf 86' lang='lat' dir='ltr'><strong>tendentes</strong></span> <span class='ocrx_word' id='word_1_64' title='bbox 2703 1635 2870 1700; x_wconf 87' lang='lat' dir='ltr'><strong>infe-</strong></span> 
     </span>
     <span class='ocr_line' id='line_1_9' title="bbox 767 1738 2867 1826; baseline -0 -22"><span class='ocrx_word' id='word_1_65' title='bbox 767 1749 800 1776; x_wconf 90' lang='lat'><em>“</em></span> <span class='ocrx_word' id='word_1_66' title='bbox 846 1740 984 1804; x_wconf 90' lang='lat' dir='ltr'><strong>rius</strong></span> <span class='ocrx_word' id='word_1_67' title='bbox 1015 1739 1478 1826; x_wconf 86' lang='lat' dir='ltr'><strong>infrigidemur</strong></span> <span class='ocrx_word' id='word_1_68' title='bbox 1508 1761 1669 1805; x_wconf 88' lang='lat' dir='ltr'><strong>aura</strong></span> <span class='ocrx_word' id='word_1_69' title='bbox 1698 1738 1929 1804; x_wconf 87' lang='lat' dir='ltr'><strong>subtili</strong></span> <span class='ocrx_word' id='word_1_70' title='bbox 1956 1763 1972 1819; x_wconf 83' lang='lat'>3</span> <span class='ocrx_word' id='word_1_71' title='bbox 2017 1738 2240 1817; x_wconf 89' lang='lat' dir='ltr'><strong>immo,</strong></span> <span class='ocrx_word' id='word_1_72' title='bbox 2273 1742 2369 1817; x_wconf 90' lang='lat' dir='ltr'><strong>ut,</strong></span> <span class='ocrx_word' id='word_1_73' title='bbox 2404 1738 2581 1802; x_wconf 88' lang='lat' dir='ltr'><strong>inter</strong></span> <span class='ocrx_word' id='word_1_74' title='bbox 2610 1743 2867 1803; x_wconf 89' lang='lat' dir='ltr'><strong>utrum-</strong></span> 
     </span>
     <span class='ocr_line' id='line_1_10' title="bbox 766 1840 2868 1927; baseline -0.001 -19"><span class='ocrx_word' id='word_1_75' title='bbox 766 1849 802 1878; x_wconf 91' lang='lat'>“</span> <span class='ocrx_word' id='word_1_76' title='bbox 851 1864 980 1927; x_wconf 87' lang='lat' dir='ltr'><strong>que</strong></span> <span class='ocrx_word' id='word_1_77' title='bbox 1043 1847 1364 1921; x_wconf 67' lang='lat' dir='ltr'><strong>tenentes,</strong></span> <span class='ocrx_word' id='word_1_78' title='bbox 1426 1842 1716 1907; x_wconf 90' lang='lat' dir='ltr'><strong>medium</strong></span> <span class='ocrx_word' id='word_1_79' title='bbox 1767 1841 2130 1927; x_wconf 88' lang='lat' dir='ltr'><strong>gratiosum</strong></span> <span class='ocrx_word' id='word_1_80' title='bbox 2192 1840 2449 1927; x_wconf 86' lang='lat' dir='ltr'><strong>negotii</strong></span> <span class='ocrx_word' id='word_1_81' title='bbox 2509 1840 2868 1906; x_wconf 85' lang='lat' dir='ltr'><strong>habeamus</strong></span> 
     </span>
     <span class='ocr_line' id='line_1_11' title="bbox 764 1942 2865 2030; baseline 0 -21"><span class='ocrx_word' id='word_1_82' title='bbox 764 1953 798 1979; x_wconf 90' lang='lat'>“</span> <span class='ocrx_word' id='word_1_83' title='bbox 846 1944 1123 2024; x_wconf 84' lang='lat' dir='ltr'><strong>exitum,</strong></span> <span class='ocrx_word' id='word_1_84' title='bbox 1182 1944 1573 2030; x_wconf 71' lang='lat' dir='ltr'><strong>aditumque</strong></span> <span class='ocrx_word' id='word_1_85' title='bbox 1633 1942 1895 2008; x_wconf 86' lang='lat' dir='ltr'><strong>itineris</strong></span> <span class='ocrx_word' id='word_1_86' title='bbox 1970 1963 2349 2029; x_wconf 90' lang='lat' dir='ltr'><strong>prosperum</strong></span> <span class='ocrx_word' id='word_1_87' title='bbox 2411 1964 2488 2008; x_wconf 86' lang='lat' dir='ltr'><strong>ac</strong></span> <span class='ocrx_word' id='word_1_88' title='bbox 2547 1963 2865 2011; x_wconf 87' lang='lat' dir='ltr'><strong>securum.</strong></span> 
     </span>
     <span class='ocr_line' id='line_1_12' title="bbox 766 2044 2869 2132; baseline 0.001 -22"><span class='ocrx_word' id='word_1_89' title='bbox 766 2055 799 2082; x_wconf 90' lang='lat'><em>“</em></span> <span class='ocrx_word' id='word_1_90' title='bbox 849 2047 940 2111; x_wconf 93' lang='lat' dir='ltr'><strong>Et</strong></span> <span class='ocrx_word' id='word_1_91' title='bbox 975 2047 1048 2111; x_wconf 92' lang='lat' dir='ltr'><strong>in</strong></span> <span class='ocrx_word' id='word_1_92' title='bbox 1088 2046 1342 2112; x_wconf 88' lang='lat' dir='ltr'><strong>cunctis</strong></span> <span class='ocrx_word' id='word_1_93' title='bbox 1369 2044 1612 2111; x_wconf 86' lang='lat' dir='ltr'><strong>vestris</strong></span> <span class='ocrx_word' id='word_1_94' title='bbox 1641 2045 1916 2132; x_wconf 79' lang='lat' dir='ltr'><strong>agendis</strong></span> <span class='ocrx_word' id='word_1_95' title='bbox 1958 2066 2081 2110; x_wconf 89' lang='lat' dir='ltr'><strong>nos</strong></span> <span class='ocrx_word' id='word_1_96' title='bbox 2123 2044 2370 2110; x_wconf 87' lang='lat' dir='ltr'><strong>similes</strong></span> <span class='ocrx_word' id='word_1_97' title='bbox 2399 2044 2590 2109; x_wconf 82' lang='lat' dir='ltr'><strong>vobis</strong></span> <span class='ocrx_word' id='word_1_98' title='bbox 2620 2066 2869 2112; x_wconf 84' lang='lat' dir='ltr'><strong>succes-</strong></span> 
     </span>
     <span class='ocr_line' id='line_1_13' title="bbox 764 2146 1789 2235; baseline -0.004 -19"><span class='ocrx_word' id='word_1_99' title='bbox 764 2158 798 2184; x_wconf 92' lang='lat'><strong>“</strong></span> <span class='ocrx_word' id='word_1_100' title='bbox 844 2171 954 2215; x_wconf 87' lang='lat' dir='ltr'><strong>sus</strong></span> <span class='ocrx_word' id='word_1_101' title='bbox 998 2148 1298 2235; x_wconf 90' lang='lat' dir='ltr'><strong>quotidie</strong></span> <span class='ocrx_word' id='word_1_102' title='bbox 1343 2146 1789 2234; x_wconf 88' lang='lat' dir='ltr'><strong>adoptamus.’&#39;</strong></span> 
     </span>
    </p>

    <p class='ocr_par' dir='ltr' id='par_1_3' title="bbox 427 2244 2868 2362">
     <span class='ocr_line' id='line_1_14' title="bbox 427 2244 2868 2362; baseline -0.001 -45"><span class='ocrx_word' id='word_1_103' title='bbox 427 2247 509 2359; x_wconf 63' lang='lat'><strong>¹}‘2</strong></span> <span class='ocrx_word' id='word_1_104' title='bbox 533 2244 696 2362; x_wconf 50' lang='grc' dir='ltr'><strong>’ζΰῑιῗ</strong></span> <span class='ocrx_word' id='word_1_105' title='bbox 851 2252 1111 2316; x_wconf 90' lang='lat' dir='ltr'><strong>Deinde</strong></span> <span class='ocrx_word' id='word_1_106' title='bbox 1154 2250 1450 2316; x_wconf 89' lang='lat' dir='ltr'><strong>litteram</strong></span> <span class='ocrx_word' id='word_1_107' title='bbox 1494 2249 1758 2336; x_wconf 75' lang='lat' dir='ltr'><strong>scripsit</strong></span> <span class='ocrx_word' id='word_1_108' title='bbox 1801 2249 2156 2314; x_wconf 82' lang='lat' dir='ltr'><strong>secundam</strong></span> <span class='ocrx_word' id='word_1_109' title='bbox 2201 2247 2564 2335; x_wconf 85' lang='lat' dir='ltr'><strong>Suppriori,</strong></span> <span class='ocrx_word' id='word_1_110' title='bbox 2588 2250 2868 2316; x_wconf 72' lang='lat' dir='ltr'><strong>caeteris·</strong></span> 
     </span>
    </p>

    <p class='ocr_par' dir='ltr' id='par_1_4' title="bbox 427 2327 2868 2441">
     <span class='ocr_line' id='line_1_15' title="bbox 427 2327 2868 2441; baseline -0.001 -23"><span class='ocrx_word' id='word_1_111' title='bbox 427 2327 719 2441; x_wconf 58' lang='grc' dir='ltr'>ἒιῗζρὲοι-,θ</span> <span class='ocrx_word' id='word_1_112' title='bbox 760 2375 888 2438; x_wconf 88' lang='lat' dir='ltr'><strong>que</strong></span> <span class='ocrx_word' id='word_1_113' title='bbox 954 2352 1336 2420; x_wconf 87' lang='lat' dir='ltr'><strong>custodibus</strong></span> <span class='ocrx_word' id='word_1_114' title='bbox 1383 2351 1670 2431; x_wconf 89' lang='lat' dir='ltr'><strong>Ordinis,</strong></span> <span class='ocrx_word' id='word_1_115' title='bbox 1716 2351 1890 2417; x_wconf 88' lang='lat' dir='ltr'><strong>hanc</strong></span> <span class='ocrx_word' id='word_1_116' title='bbox 1932 2351 2284 2417; x_wconf 84' lang='lat' dir='ltr'><strong>verborum</strong></span> <span class='ocrx_word' id='word_1_117' title='bbox 2350 2352 2585 2417; x_wconf 88' lang='lat' dir='ltr'><strong>seriem</strong></span> <span class='ocrx_word' id='word_1_118' title='bbox 2658 2353 2868 2417; x_wconf 89' lang='lat' dir='ltr'><strong>conti-</strong></span> 
     </span>
    </p>
   </div>
   <div class='ocr_carea' id='block_1_3' title="bbox 424 2443 1134 2559">
    <p class='ocr_par' dir='ltr' id='par_1_5' title="bbox 424 2443 1134 2559">
     <span class='ocr_line' id='line_1_16' title="bbox 425 2443 1134 2522; baseline 0 -30"><span class='ocrx_word' id='word_1_119' title='bbox 425 2445 526 2492; x_wconf 84' lang='lat' dir='ltr'><strong>and</strong></span> <span class='ocrx_word' id='word_1_120' title='bbox 548 2443 691 2493; x_wconf 85' lang='lat' dir='ltr'><strong>other</strong></span> <span class='ocrx_word' id='word_1_121' title='bbox 758 2459 1134 2522; x_wconf 52' lang='lat' dir='ltr'><strong>nentem·—</strong></span> 
     </span>
     <span class='ocr_line' id='line_1_17' title="bbox 424 2508 746 2559; baseline 0.003 -1"><span class='ocrx_word' id='word_1_122' title='bbox 424 2509 674 2559; x_wconf 83' lang='lat' dir='ltr'><strong>Wardens</strong></span> <span class='ocrx_word' id='word_1_123' title='bbox 684 2508 746 2559; x_wconf 79' lang='lat' dir='ltr'><strong>of</strong></span> 
     </span>
    </p>
   </div>
   <div class='ocr_carea' id='block_1_4' title="bbox 421 2554 2903 4173">
    <p class='ocr_par' dir='ltr' id='par_1_6' title="bbox 421 2554 2903 4173">
     <span class='ocr_line' id='line_1_18' title="bbox 423 2554 2866 2635; baseline -0.002 -11"><span class='ocrx_word' id='word_1_124' title='bbox 423 2575 510 2624; x_wconf 76' lang='lat' dir='ltr'><strong>the</strong></span> <span class='ocrx_word' id='word_1_125' title='bbox 534 2575 712 2635; x_wconf 81' lang='lat' dir='ltr'><strong>Order,</strong></span> <span class='ocrx_word' id='word_1_126' title='bbox 851 2563 888 2593; x_wconf 91' lang='lat'><strong>“</strong></span> <span class='ocrx_word' id='word_1_127' title='bbox 920 2556 1189 2622; x_wconf 80' lang='lat' dir='ltr'><strong>Fratres</strong></span> <span class='ocrx_word' id='word_1_128' title='bbox 1249 2555 1321 2623; x_wconf 88' lang='lat' dir='ltr'><strong>in</strong></span> <span class='ocrx_word' id='word_1_129' title='bbox 1368 2554 1638 2621; x_wconf 83' lang='lat' dir='ltr'><strong>Christo</strong></span> <span class='ocrx_word' id='word_1_130' title='bbox 1693 2554 1938 2633; x_wconf 82' lang='lat' dir='ltr'><strong>devoti,</strong></span> <span class='ocrx_word' id='word_1_131' title='bbox 1991 2560 2061 2621; x_wconf 91' lang='lat' dir='ltr'><strong>et</strong></span> <span class='ocrx_word' id='word_1_132' title='bbox 2124 2554 2257 2620; x_wconf 88' lang='lat' dir='ltr'><strong>viri</strong></span> <span class='ocrx_word' id='word_1_133' title='bbox 2324 2554 2866 2622; x_wconf 87' lang='lat' dir='ltr'><strong>maturi.—Ordo</strong></span> 
     </span>
     <span class='ocr_line' id='line_1_19' title="bbox 422 2641 2864 2757; baseline 0 -34"><span class='ocrx_word' id='word_1_134' title='bbox 422 2641 729 2757; x_wconf 51' lang='lat' dir='ltr'><strong>2xffiffi⁰f</strong></span> <span class='ocrx_word' id='word_1_135' title='bbox 762 2661 799 2693; x_wconf 92' lang='lat'><strong>“</strong></span> <span class='ocrx_word' id='word_1_136' title='bbox 835 2658 1008 2743; x_wconf 85' lang='lat' dir='ltr'><strong>juris</strong></span> <span class='ocrx_word' id='word_1_137' title='bbox 1084 2657 1313 2744; x_wconf 82' lang='lat' dir='ltr'><strong>exigit,</strong></span> <span class='ocrx_word' id='word_1_138' title='bbox 1375 2657 1482 2722; x_wconf 84' lang='lat' dir='ltr'><strong>vis</strong></span> <span class='ocrx_word' id='word_1_139' title='bbox 1540 2656 1948 2743; x_wconf 81' lang='lat' dir='ltr'><strong>rationisque</strong></span> <span class='ocrx_word' id='word_1_140' title='bbox 1994 2657 2319 2742; x_wconf 43' lang='lat' dir='ltr'><strong>requirit,</strong></span> <span class='ocrx_word' id='word_1_141' title='bbox 2382 2662 2464 2722; x_wconf 89' lang='lat' dir='ltr'><strong>ut</strong></span> <span class='ocrx_word' id='word_1_142' title='bbox 2534 2656 2666 2722; x_wconf 90' lang='lat' dir='ltr'><strong>hiis</strong></span> <span class='ocrx_word' id='word_1_143' title='bbox 2725 2680 2864 2744; x_wconf 82' lang='lat' dir='ltr'><strong>prae</strong></span> 
     </span>
     <span class='ocr_line' id='line_1_20' title="bbox 421 2759 2865 2848; baseline 0.001 -26"><span class='ocrx_word' id='word_1_144' title='bbox 421 2773 546 2822; x_wconf 75' lang='lat' dir='ltr'><strong>tion.</strong></span> <span class='ocrx_word' id='word_1_145' title='bbox 762 2768 798 2797; x_wconf 76' lang='lat'><strong>‘⁸</strong></span> <span class='ocrx_word' id='word_1_146' title='bbox 843 2759 1098 2826; x_wconf 86' lang='lat' dir='ltr'><strong>caeteris</strong></span> <span class='ocrx_word' id='word_1_147' title='bbox 1144 2759 1493 2824; x_wconf 87' lang='lat' dir='ltr'><strong>altioribus</strong></span> <span class='ocrx_word' id='word_1_148' title='bbox 1541 2779 2016 2846; x_wconf 87' lang='lat' dir='ltr'><strong>prosequamur</strong></span> <span class='ocrx_word' id='word_1_149' title='bbox 2069 2759 2443 2840; x_wconf 89' lang='lat' dir='ltr'><strong>honoribus,</strong></span> <span class='ocrx_word' id='word_1_150' title='bbox 2486 2760 2865 2848; x_wconf 83' lang='lat' dir='ltr'><strong>gratiasque</strong></span> 
     </span>
     <span class='ocr_line' id='line_1_21' title="bbox 759 2861 2863 2949; baseline -0 -23"><span class='ocrx_word' id='word_1_151' title='bbox 759 2868 796 2898; x_wconf 91' lang='lat'>“</span> <span class='ocrx_word' id='word_1_152' title='bbox 841 2861 1260 2927; x_wconf 86' lang='lat' dir='ltr'><strong>effundamus</strong></span> <span class='ocrx_word' id='word_1_153' title='bbox 1318 2861 1603 2939; x_wconf 85' lang='lat' dir='ltr'><strong>altiores,</strong></span> <span class='ocrx_word' id='word_1_154' title='bbox 1663 2861 1782 2947; x_wconf 91' lang='lat' dir='ltr'><strong>qui</strong></span> <span class='ocrx_word' id='word_1_155' title='bbox 1844 2861 2172 2927; x_wconf 89' lang='lat' dir='ltr'><strong>commissi</strong></span> <span class='ocrx_word' id='word_1_156' title='bbox 2231 2862 2447 2949; x_wconf 86' lang='lat' dir='ltr'><strong>gregis</strong></span> <span class='ocrx_word' id='word_1_157' title='bbox 2520 2861 2863 2927; x_wconf 87' lang='lat' dir='ltr'><strong>nobiscum</strong></span> 
     </span>
     <span class='ocr_line' id='line_1_22' title="bbox 760 2963 2865 3050; baseline -0 -22"><span class='ocrx_word' id='word_1_158' title='bbox 760 2971 797 2999; x_wconf 88' lang='lat'><strong>“</strong></span> <span class='ocrx_word' id='word_1_159' title='bbox 842 2966 1054 3050; x_wconf 88' lang='lat' dir='ltr'><strong>agunt</strong></span> <span class='ocrx_word' id='word_1_160' title='bbox 1097 2986 1303 3045; x_wconf 90' lang='lat' dir='ltr'><strong>curas,</strong></span> <span class='ocrx_word' id='word_1_161' title='bbox 1336 2985 1430 3042; x_wconf 89' lang='lat' dir='ltr'><strong>ac,</strong></span> <span class='ocrx_word' id='word_1_162' title='bbox 1478 2964 1638 3028; x_wconf 87' lang='lat' dir='ltr'><strong>dum</strong></span> <span class='ocrx_word' id='word_1_163' title='bbox 1687 2985 1808 3029; x_wconf 90' lang='lat' dir='ltr'><strong>nos</strong></span> <span class='ocrx_word' id='word_1_164' title='bbox 1852 2964 2158 3029; x_wconf 85' lang='lat' dir='ltr'><strong>absentes</strong></span> <span class='ocrx_word' id='word_1_165' title='bbox 2199 2963 2533 3043; x_wconf 86' lang='lat' dir='ltr'><strong>fuerimus,</strong></span> <span class='ocrx_word' id='word_1_166' title='bbox 2566 2963 2865 3029; x_wconf 86' lang='lat' dir='ltr'><strong>sollerter</strong></span> 
     </span>
     <span class='ocr_line' id='line_1_23' title="bbox 760 3065 2903 3155; baseline -0 -25"><span class='ocrx_word' id='word_1_167' title='bbox 760 3073 795 3101; x_wconf 87' lang='lat'><strong>“</strong></span> <span class='ocrx_word' id='word_1_168' title='bbox 842 3070 1162 3131; x_wconf 85' lang='lat' dir='ltr'><strong>excusant</strong></span> <span class='ocrx_word' id='word_1_169' title='bbox 1192 3088 1267 3131; x_wconf 90' lang='lat' dir='ltr'><strong>ac</strong></span> <span class='ocrx_word' id='word_1_170' title='bbox 1290 3065 1685 3130; x_wconf 89' lang='lat' dir='ltr'><strong>sufficienter</strong></span> <span class='ocrx_word' id='word_1_171' title='bbox 1728 3065 1757 3102; x_wconf 76' lang='lat'><em>4</em></span> <span class='ocrx_word' id='word_1_172' title='bbox 1777 3065 2088 3152; x_wconf 87' lang='lat' dir='ltr'><strong>supplent</strong></span> <span class='ocrx_word' id='word_1_173' title='bbox 2116 3070 2377 3130; x_wconf 85' lang='lat' dir='ltr'><strong>nostras</strong></span> <span class='ocrx_word' id='word_1_174' title='bbox 2406 3066 2599 3131; x_wconf 85' lang='lat' dir='ltr'><strong>vices.</strong></span> <span class='ocrx_word' id='word_1_175' title='bbox 2689 3066 2864 3130; x_wconf 77' lang='lat' dir='ltr'><strong>Tali·</strong></span> <span class='ocrx_word' id='word_1_176' title='bbox 2896 3148 2903 3155; x_wconf 22' lang='grc' dir='ltr'><strong>ο</strong></span> 
     </span>
     <span class='ocr_line' id='line_1_24' title="bbox 758 3166 2863 3253; baseline 0 -21"><span class='ocrx_word' id='word_1_177' title='bbox 758 3170 794 3202; x_wconf 84' lang='lat'><em>“</em></span> <span class='ocrx_word' id='word_1_178' title='bbox 839 3168 964 3232; x_wconf 91' lang='lat' dir='ltr'><strong>bus</strong></span> <span class='ocrx_word' id='word_1_179' title='bbox 1015 3168 1250 3253; x_wconf 89' lang='lat' dir='ltr'><strong>utique</strong></span> <span class='ocrx_word' id='word_1_180' title='bbox 1298 3169 1371 3232; x_wconf 90' lang='lat' dir='ltr'><strong>in</strong></span> <span class='ocrx_word' id='word_1_181' title='bbox 1423 3171 1617 3232; x_wconf 90' lang='lat' dir='ltr'><strong>tanto</strong></span> <span class='ocrx_word' id='word_1_182' title='bbox 1671 3167 2004 3233; x_wconf 88' lang='lat' dir='ltr'><strong>debitores</strong></span> <span class='ocrx_word' id='word_1_183' title='bbox 2050 3166 2416 3245; x_wconf 84' lang='lat' dir='ltr'><strong>existimus,</strong></span> <span class='ocrx_word' id='word_1_184' title='bbox 2445 3189 2566 3253; x_wconf 91' lang='lat' dir='ltr'><strong>pro</strong></span> <span class='ocrx_word' id='word_1_185' title='bbox 2613 3174 2863 3253; x_wconf 84' lang='lat' dir='ltr'><strong>quanto</strong></span> 
     </span>
     <span class='ocr_line' id='line_1_25' title="bbox 759 3269 2864 3356; baseline 0 -24"><span class='ocrx_word' id='word_1_186' title='bbox 759 3276 792 3303; x_wconf 91' lang='lat'><em>“</em></span> <span class='ocrx_word' id='word_1_187' title='bbox 838 3269 966 3355; x_wconf 88' lang='lat' dir='ltr'><strong>ipsi</strong></span> <span class='ocrx_word' id='word_1_188' title='bbox 1014 3291 1132 3356; x_wconf 93' lang='lat' dir='ltr'><strong>pro</strong></span> <span class='ocrx_word' id='word_1_189' title='bbox 1186 3269 1376 3334; x_wconf 89' lang='lat' dir='ltr'><strong>nobis</strong></span> <span class='ocrx_word' id='word_1_190' title='bbox 1422 3275 1724 3334; x_wconf 86' lang='lat' dir='ltr'><strong>nostrum</strong></span> <span class='ocrx_word' id='word_1_191' title='bbox 1781 3274 2178 3354; x_wconf 83' lang='lat' dir='ltr'><strong>supportant</strong></span> <span class='ocrx_word' id='word_1_192' title='bbox 2207 3290 2414 3349; x_wconf 88' lang='lat' dir='ltr'><strong>onus;</strong></span> <span class='ocrx_word' id='word_1_193' title='bbox 2463 3291 2717 3356; x_wconf 89' lang='lat' dir='ltr'><strong>nosque</strong></span> <span class='ocrx_word' id='word_1_194' title='bbox 2748 3291 2864 3356; x_wconf 87' lang='lat' dir='ltr'><strong>per</strong></span> 
     </span>
     <span class='ocr_line' id='line_1_26' title="bbox 760 3370 2862 3458; baseline -0 -22"><span class='ocrx_word' id='word_1_195' title='bbox 760 3378 796 3406; x_wconf 92' lang='lat'><em>“</em></span> <span class='ocrx_word' id='word_1_196' title='bbox 840 3392 967 3452; x_wconf 63' lang='grc' dir='ltr'><strong>θος,</strong></span> <span class='ocrx_word' id='word_1_197' title='bbox 1029 3375 1107 3436; x_wconf 90' lang='lat' dir='ltr'><strong>ut</strong></span> <span class='ocrx_word' id='word_1_198' title='bbox 1182 3371 1630 3458; x_wconf 89' lang='lat' dir='ltr'><strong>supponimus,</strong></span> <span class='ocrx_word' id='word_1_199' title='bbox 1708 3370 1791 3434; x_wconf 92' lang='lat' dir='ltr'><strong>de</strong></span> <span class='ocrx_word' id='word_1_200' title='bbox 1867 3370 2099 3436; x_wconf 89' lang='lat' dir='ltr'><strong>multis</strong></span> <span class='ocrx_word' id='word_1_201' title='bbox 2175 3371 2498 3436; x_wconf 89' lang='lat' dir='ltr'><strong>stabimus</strong></span> <span class='ocrx_word' id='word_1_202' title='bbox 2573 3372 2862 3437; x_wconf 89' lang='lat' dir='ltr'><strong>absoluti</strong></span> 
     </span>
     <span class='ocr_line' id='line_1_27' title="bbox 758 3472 2860 3561; baseline 0 -24"><span class='ocrx_word' id='word_1_203' title='bbox 758 3478 795 3507; x_wconf 91' lang='lat'><strong>“</strong></span> <span class='ocrx_word' id='word_1_204' title='bbox 841 3473 868 3509; x_wconf 78' lang='lat'>⁵</span> <span class='ocrx_word' id='word_1_205' title='bbox 891 3473 1313 3561; x_wconf 87' lang='lat' dir='ltr'><strong>negligentiis</strong></span> <span class='ocrx_word' id='word_1_206' title='bbox 1361 3478 1519 3538; x_wconf 88' lang='lat' dir='ltr'><strong>ante</strong></span> <span class='ocrx_word' id='word_1_207' title='bbox 1569 3472 1896 3537; x_wconf 86' lang='lat' dir='ltr'><strong>terribiles</strong></span> <span class='ocrx_word' id='word_1_208' title='bbox 1944 3473 2164 3538; x_wconf 90' lang='lat' dir='ltr'><strong>oculos</strong></span> <span class='ocrx_word' id='word_1_209' title='bbox 2215 3472 2661 3540; x_wconf 88' lang='lat' dir='ltr'><strong>Plasmatoris.</strong></span> <span class='ocrx_word' id='word_1_210' title='bbox 2748 3474 2860 3537; x_wconf 84' lang='lat' dir='ltr'><strong>Ad</strong></span> 
     </span>
     <span class='ocr_line' id='line_1_28' title="bbox 759 3574 2861 3661; baseline 0 -23"><span class='ocrx_word' id='word_1_211' title='bbox 759 3583 795 3608; x_wconf 88' lang='lat'><em>“</em></span> <span class='ocrx_word' id='word_1_212' title='bbox 842 3575 1106 3639; x_wconf 88' lang='lat' dir='ltr'><strong>coelibes</strong></span> <span class='ocrx_word' id='word_1_213' title='bbox 1166 3575 1377 3661; x_wconf 90' lang='lat' dir='ltr'><strong>igitur</strong></span> <span class='ocrx_word' id='word_1_214' title='bbox 1435 3574 1859 3640; x_wconf 85' lang='lat' dir='ltr'><strong>maturitates</strong></span> <span class='ocrx_word' id='word_1_215' title='bbox 1919 3578 2173 3639; x_wconf 85' lang='lat' dir='ltr'><strong>vestras</strong></span> <span class='ocrx_word' id='word_1_216' title='bbox 2233 3574 2391 3660; x_wconf 93' lang='lat' dir='ltr'><strong>quia</strong></span> <span class='ocrx_word' id='word_1_217' title='bbox 2461 3596 2673 3640; x_wconf 89' lang='lat' dir='ltr'><strong>sermo</strong></span> <span class='ocrx_word' id='word_1_218' title='bbox 2731 3575 2861 3639; x_wconf 86' lang='lat' dir='ltr'><strong>iste</strong></span> 
     </span>
     <span class='ocr_line' id='line_1_29' title="bbox 755 3675 2857 3763; baseline -0 -23"><span class='ocrx_word' id='word_1_219' title='bbox 755 3685 792 3710; x_wconf 88' lang='lat'><strong>“</strong></span> <span class='ocrx_word' id='word_1_220' title='bbox 841 3676 1172 3763; x_wconf 87' lang='lat' dir='ltr'><strong>dirigitur,</strong></span> <span class='ocrx_word' id='word_1_221' title='bbox 1201 3697 1447 3762; x_wconf 85' lang='lat' dir='ltr'><strong>vosque</strong></span> <span class='ocrx_word' id='word_1_222' title='bbox 1478 3678 1625 3741; x_wconf 88' lang='lat' dir='ltr'><strong>sitis</strong></span> <span class='ocrx_word' id='word_1_223' title='bbox 1660 3676 1854 3741; x_wconf 89' lang='lat' dir='ltr'><strong>nobis</strong></span> <span class='ocrx_word' id='word_1_224' title='bbox 1884 3675 1986 3740; x_wconf 90' lang='lat' dir='ltr'><strong>illi</strong></span> <span class='ocrx_word' id='word_1_225' title='bbox 2017 3676 2208 3742; x_wconf 86' lang='lat' dir='ltr'><strong>electi</strong></span> <span class='ocrx_word' id='word_1_226' title='bbox 2237 3675 2468 3742; x_wconf 83' lang='lat' dir='ltr'><strong>vicarii</strong></span> <span class='ocrx_word' id='word_1_227' title='bbox 2521 3697 2639 3762; x_wconf 88' lang='lat' dir='ltr'><strong>per</strong></span> <span class='ocrx_word' id='word_1_228' title='bbox 2690 3698 2857 3762; x_wconf 88' lang='lat' dir='ltr'><strong>quos</strong></span> 
     </span>
     <span class='ocr_line' id='line_1_30' title="bbox 757 3777 2860 3865; baseline 0 -22"><span class='ocrx_word' id='word_1_229' title='bbox 757 3784 792 3813; x_wconf 90' lang='lat'>“</span> <span class='ocrx_word' id='word_1_230' title='bbox 838 3778 1163 3865; x_wconf 74' lang='lat' dir='ltr'><strong>praecipue</strong></span> <span class='ocrx_word' id='word_1_231' title='bbox 1226 3779 1299 3842; x_wconf 92' lang='lat' dir='ltr'><strong>in</strong></span> <span class='ocrx_word' id='word_1_232' title='bbox 1358 3779 1643 3845; x_wconf 86' lang='lat' dir='ltr'><strong>claustro</strong></span> <span class='ocrx_word' id='word_1_233' title='bbox 1690 3778 1880 3865; x_wconf 86' lang='lat' dir='ltr'><strong>viget</strong></span> <span class='ocrx_word' id='word_1_234' title='bbox 1937 3777 2055 3843; x_wconf 86' lang='lat' dir='ltr'><strong>reli</strong></span> <span class='ocrx_word' id='word_1_235' title='bbox 2059 3779 2191 3865; x_wconf 83' lang='lat' dir='ltr'><strong>gie,</strong></span> <span class='ocrx_word' id='word_1_236' title='bbox 2238 3778 2314 3843; x_wconf 87' lang='lat' dir='ltr'><strong>in</strong></span> <span class='ocrx_word' id='word_1_237' title='bbox 2383 3778 2581 3844; x_wconf 89' lang='lat' dir='ltr'><strong>choro</strong></span> <span class='ocrx_word' id='word_1_238' title='bbox 2640 3778 2860 3845; x_wconf 86' lang='lat' dir='ltr'><strong>fervet</strong></span> 
     </span>
     <span class='ocr_line' id='line_1_31' title="bbox 757 3879 2859 3967; baseline 0.001 -23"><span class='ocrx_word' id='word_1_239' title='bbox 757 3888 791 3915; x_wconf 90' lang='lat'><strong>“</strong></span> <span class='ocrx_word' id='word_1_240' title='bbox 836 3879 1123 3958; x_wconf 84' lang='lat' dir='ltr'><strong>devoti0,</strong></span> <span class='ocrx_word' id='word_1_241' title='bbox 1181 3879 1591 3967; x_wconf 89' lang='lat' dir='ltr'><strong>ubilibetque</strong></span> <span class='ocrx_word' id='word_1_242' title='bbox 1652 3880 1815 3945; x_wconf 87' lang='lat' dir='ltr'><strong>alibi</strong></span> <span class='ocrx_word' id='word_1_243' title='bbox 1874 3879 2165 3967; x_wconf 88' lang='lat' dir='ltr'><strong>imperat</strong></span> <span class='ocrx_word' id='word_1_244' title='bbox 2223 3880 2445 3945; x_wconf 83' lang='lat' dir='ltr'><strong>virtus</strong></span> <span class='ocrx_word' id='word_1_245' title='bbox 2503 3880 2713 3960; x_wconf 84' lang='lat' dir='ltr'><strong>vitiis,</strong></span> <span class='ocrx_word' id='word_1_246' title='bbox 2783 3903 2859 3947; x_wconf 84' lang='lat' dir='ltr'><strong>ac</strong></span> 
     </span>
     <span class='ocr_line' id='line_1_32' title="bbox 752 3981 2864 4070; baseline 0.001 -24"><span class='ocrx_word' id='word_1_247' title='bbox 752 3989 788 4018; x_wconf 87' lang='lat'><em>“</em></span> <span class='ocrx_word' id='word_1_248' title='bbox 833 3982 905 4047; x_wconf 92' lang='lat' dir='ltr'><strong>in</strong></span> <span class='ocrx_word' id='word_1_249' title='bbox 959 3983 1157 4070; x_wconf 87' lang='lat' dir='ltr'><strong>plena</strong></span> <span class='ocrx_word' id='word_1_250' title='bbox 1208 4004 1367 4069; x_wconf 89' lang='lat' dir='ltr'><strong>pace</strong></span> <span class='ocrx_word' id='word_1_251' title='bbox 1416 3982 1593 4050; x_wconf 80' lang='lat' dir='ltr'><strong>vivit</strong></span> <span class='ocrx_word' id='word_1_252' title='bbox 1643 3987 1828 4049; x_wconf 87' lang='lat' dir='ltr'><strong>totus</strong></span> <span class='ocrx_word' id='word_1_253' title='bbox 1881 3981 2097 4063; x_wconf 88' lang='lat' dir='ltr'><strong>homo,</strong></span> <span class='ocrx_word' id='word_1_254' title='bbox 2132 4002 2218 4047; x_wconf 85' lang='lat' dir='ltr'><strong>ex</strong></span> <span class='ocrx_word' id='word_1_255' title='bbox 2269 3982 2521 4069; x_wconf 89' lang='lat' dir='ltr'><strong>puriori</strong></span> <span class='ocrx_word' id='word_1_256' title='bbox 2574 3982 2864 4048; x_wconf 84' lang='lat' dir='ltr'><strong>medulla</strong></span> 
     </span>
     <span class='ocr_line' id='line_1_33' title="bbox 755 4083 2860 4173; baseline 0 -22"><span class='ocrx_word' id='word_1_257' title='bbox 755 4093 791 4121; x_wconf 87' lang='lat'><strong>“</strong></span> <span class='ocrx_word' id='word_1_258' title='bbox 838 4085 1050 4151; x_wconf 88' lang='lat' dir='ltr'><strong>cordis</strong></span> <span class='ocrx_word' id='word_1_259' title='bbox 1081 4084 1581 4152; x_wconf 83' lang='lat' dir='ltr'><strong>honoresvobis</strong></span> <span class='ocrx_word' id='word_1_260' title='bbox 1619 4085 1999 4173; x_wconf 86' lang='lat' dir='ltr'><strong>appetimus</strong></span> <span class='ocrx_word' id='word_1_261' title='bbox 2028 4106 2105 4150; x_wconf 85' lang='lat' dir='ltr'><strong>ac</strong></span> <span class='ocrx_word' id='word_1_262' title='bbox 2133 4083 2538 4151; x_wconf 83' lang='lat' dir='ltr'><strong>effundimus</strong></span> <span class='ocrx_word' id='word_1_263' title='bbox 2566 4085 2819 4173; x_wconf 85' lang='lat' dir='ltr'><strong>gratias</strong></span> <span class='ocrx_word' id='word_1_264' title='bbox 2844 4111 2860 4167; x_wconf 91' lang='lat'>;</span> 
     </span>
    </p>
   </div>
   <div class='ocr_carea' id='block_1_5' title="bbox 743 4385 2860 4767">
    <p class='ocr_par' dir='ltr' id='par_1_7' title="bbox 743 4385 2860 4767">
     <span class='ocr_line' id='line_1_34' title="bbox 818 4385 2393 4454; baseline 0 -13"><span class='ocrx_word' id='word_1_265' title='bbox 818 4389 834 4423; x_wconf 88' lang='lat'><strong>¹</strong></span> <span class='ocrx_word' id='word_1_266' title='bbox 862 4388 1115 4441; x_wconf 75' lang='lat' dir='ltr'><strong>Scelenet&#39;a</strong></span> <span class='ocrx_word' id='word_1_267' title='bbox 1134 4389 1190 4440; x_wconf 83' lang='lat' dir='ltr'><strong>in</strong></span> <span class='ocrx_word' id='word_1_268' title='bbox 1209 4389 1325 4441; x_wconf 78' lang='lat' dir='ltr'><strong>MS.</strong></span> <span class='ocrx_word' id='word_1_269' title='bbox 1391 4389 1504 4440; x_wconf 81' lang='lat' dir='ltr'><strong>&#39;l&#39;he</strong></span> <span class='ocrx_word' id='word_1_270' title='bbox 1542 4388 1757 4440; x_wconf 79' lang='lat' dir='ltr'><strong>allusion</strong></span> <span class='ocrx_word' id='word_1_271' title='bbox 1920 4385 1944 4420; x_wconf 75' lang='lat'>²</span> <span class='ocrx_word' id='word_1_272' title='bbox 1962 4403 2183 4454; x_wconf 67' lang='lat' dir='ltr'><strong>anpm</strong></span> <span class='ocrx_word' id='word_1_273' title='bbox 2204 4388 2257 4440; x_wconf 90' lang='lat' dir='ltr'><strong>in</strong></span> <span class='ocrx_word' id='word_1_274' title='bbox 2278 4389 2393 4441; x_wconf 77' lang='lat' dir='ltr'><strong>MS.</strong></span> 
     </span>
     <span class='ocr_line' id='line_1_35' title="bbox 747 4465 2860 4533; baseline 0 -13"><span class='ocrx_word' id='word_1_275' title='bbox 747 4471 794 4520; x_wconf 83' lang='lat' dir='ltr'><strong>is</strong></span> <span class='ocrx_word' id='word_1_276' title='bbox 816 4477 870 4521; x_wconf 90' lang='lat' dir='ltr'><strong>to</strong></span> <span class='ocrx_word' id='word_1_277' title='bbox 891 4470 977 4520; x_wconf 82' lang='lat' dir='ltr'><strong>the</strong></span> <span class='ocrx_word' id='word_1_278' title='bbox 998 4478 1131 4521; x_wconf 74' lang='lat' dir='ltr'><strong>team</strong></span> <span class='ocrx_word' id='word_1_279' title='bbox 1151 4469 1277 4527; x_wconf 83' lang='lat' dir='ltr'><strong>shed</strong></span> <span class='ocrx_word' id='word_1_280' title='bbox 1299 4469 1370 4533; x_wconf 81' lang='lat' dir='ltr'><strong>by</strong></span> <span class='ocrx_word' id='word_1_281' title='bbox 1387 4469 1473 4519; x_wconf 84' lang='lat' dir='ltr'><strong>the</strong></span> <span class='ocrx_word' id='word_1_282' title='bbox 1487 4466 1758 4533; x_wconf 80' lang='lat' dir='ltr'><strong>daughters</strong></span> <span class='ocrx_word' id='word_1_283' title='bbox 1915 4465 1938 4498; x_wconf 81' lang='lat'>⁸</span> <span class='ocrx_word' id='word_1_284' title='bbox 1958 4483 2245 4530; x_wconf 76' lang='lat' dir='ltr'><strong>cremamur,</strong></span> <span class='ocrx_word' id='word_1_285' title='bbox 2266 4467 2319 4518; x_wconf 88' lang='lat' dir='ltr'><strong>in</strong></span> <span class='ocrx_word' id='word_1_286' title='bbox 2339 4468 2455 4520; x_wconf 82' lang='lat' dir='ltr'><strong>MS.</strong></span> <span class='ocrx_word' id='word_1_287' title='bbox 2506 4469 2618 4521; x_wconf 80' lang='lat' dir='ltr'><strong>The</strong></span> <span class='ocrx_word' id='word_1_288' title='bbox 2641 4468 2860 4520; x_wconf 77' lang='lat' dir='ltr'><strong>allusion</strong></span> 
     </span>
     <span class='ocr_line' id='line_1_36' title="bbox 750 4544 2791 4614; baseline 0 -15"><span class='ocrx_word' id='word_1_289' title='bbox 750 4550 813 4598; x_wconf 80' lang='lat' dir='ltr'><strong>of</strong></span> <span class='ocrx_word' id='word_1_290' title='bbox 827 4550 1085 4614; x_wconf 79' lang='lat' dir='ltr'><strong>Clymene,</strong></span> <span class='ocrx_word' id='word_1_291' title='bbox 1106 4549 1219 4613; x_wconf 86' lang='lat' dir='ltr'><strong>(not</strong></span> <span class='ocrx_word' id='word_1_292' title='bbox 1238 4548 1457 4612; x_wconf 87' lang='lat' dir='ltr'><strong>Selene,)</strong></span> <span class='ocrx_word' id='word_1_293' title='bbox 1478 4564 1546 4599; x_wconf 90' lang='lat' dir='ltr'><strong>on</strong></span> <span class='ocrx_word' id='word_1_294' title='bbox 1569 4550 1654 4600; x_wconf 85' lang='lat' dir='ltr'><strong>the</strong></span> <span class='ocrx_word' id='word_1_295' title='bbox 1667 4549 1757 4601; x_wconf 63' lang='lat' dir='ltr'><strong>fau</strong></span> <span class='ocrx_word' id='word_1_296' title='bbox 1848 4544 1891 4596; x_wconf 73' lang='lat' dir='ltr'><strong>is</strong></span> <span class='ocrx_word' id='word_1_297' title='bbox 1911 4553 1964 4597; x_wconf 77' lang='lat' dir='ltr'><strong>to</strong></span> <span class='ocrx_word' id='word_1_298' title='bbox 1989 4547 2138 4609; x_wconf 77' lang='lat' dir='ltr'><strong>Ovid,</strong></span> <span class='ocrx_word' id='word_1_299' title='bbox 2169 4545 2369 4600; x_wconf 74' lang='lat' dir='ltr'><strong>Metam.</strong></span> <span class='ocrx_word' id='word_1_300' title='bbox 2391 4548 2444 4599; x_wconf 83' lang='lat' dir='ltr'><strong>ii.</strong></span> <span class='ocrx_word' id='word_1_301' title='bbox 2467 4547 2522 4600; x_wconf 89' lang='lat' dir='ltr'><strong>ll.</strong></span> <span class='ocrx_word' id='word_1_302' title='bbox 2544 4554 2791 4604; x_wconf 69' lang='lat'>122—140.</span> 
     </span>
     <span class='ocr_line' id='line_1_37' title="bbox 747 4623 2362 4690; baseline 0.002 -13"><span class='ocrx_word' id='word_1_303' title='bbox 747 4628 809 4677; x_wconf 75' lang='lat' dir='ltr'><strong>os</strong></span> <span class='ocrx_word' id='word_1_304' title='bbox 840 4627 972 4677; x_wconf 85' lang='lat' dir='ltr'><strong>their</strong></span> <span class='ocrx_word' id='word_1_305' title='bbox 1004 4629 1209 4680; x_wconf 81' lang='lat' dir='ltr'><strong>brother</strong></span> <span class='ocrx_word' id='word_1_306' title='bbox 1241 4627 1506 4680; x_wconf 81' lang='lat' dir='ltr'><strong>Pha&#39;e&#39;thon</strong></span> <span class='ocrx_word' id='word_1_307' title='bbox 1540 4629 1648 4680; x_wconf 85' lang='lat' dir='ltr'><strong>into</strong></span> <span class='ocrx_word' id='word_1_308' title='bbox 1669 4629 1756 4680; x_wconf 75' lang='lat' dir='ltr'><strong>the</strong></span> <span class='ocrx_word' id='word_1_309' title='bbox 1913 4624 1935 4656; x_wconf 87' lang='lat'><strong>⁴</strong></span> <span class='ocrx_word' id='word_1_310' title='bbox 1956 4623 2149 4690; x_wconf 67' lang='lat' dir='ltr'><strong>supleat</strong></span> <span class='ocrx_word' id='word_1_311' title='bbox 2170 4624 2223 4676; x_wconf 82' lang='lat' dir='ltr'><strong>in</strong></span> <span class='ocrx_word' id='word_1_312' title='bbox 2248 4625 2362 4678; x_wconf 85' lang='lat' dir='ltr'><strong>MS.</strong></span> 
     </span>
     <span class='ocr_line' id='line_1_38' title="bbox 743 4702 2471 4767; baseline 0.002 -11"><span class='ocrx_word' id='word_1_313' title='bbox 743 4707 880 4757; x_wconf 71' lang='lat' dir='ltr'><strong>river</strong></span> <span class='ocrx_word' id='word_1_314' title='bbox 899 4707 1167 4759; x_wconf 77' lang='lat' dir='ltr'><strong>Eridanus.</strong></span> <span class='ocrx_word' id='word_1_315' title='bbox 1913 4704 1934 4736; x_wconf 79' lang='lat'>⁵</span> <span class='ocrx_word' id='word_1_316' title='bbox 1956 4702 2258 4767; x_wconf 72' lang='lat' dir='ltr'><strong>necliyentiiae</strong></span> <span class='ocrx_word' id='word_1_317' title='bbox 2278 4704 2331 4756; x_wconf 89' lang='lat' dir='ltr'><strong>in</strong></span> <span class='ocrx_word' id='word_1_318' title='bbox 2354 4705 2471 4761; x_wconf 82' lang='lat' dir='ltr'><strong>MS.</strong></span> 
     </span>
    </p>
   </div>
  </div>
 </body>
</html>
