3467 5717
832 828 961 897 294
1490 842 1808 899 ANNALns
1852 844 2270 899 monas‘rsnu

499 1029 803 1092 *·⁰·¹⁴³0‚¹·
834 1034 869 1067 “
915 1028 1207 1108 fecerint,
1238 1034 1358 1095 aut
1387 1029 1632 1109 fecerit,
1667 1030 1741 1095 in
1771 1032 2144 1118 praemissis,
2177 1033 2287 1099 vel
2320 1034 2541 1121 aliquo
2572 1037 2937 1123 praemisso-

832 1139 871 1169 “
914 1154 1083 1213 rum,
1107 1132 1233 1198 sub
1258 1129 1278 1168 ¹
1301 1131 1678 1219 hypotheca
1707 1139 1778 1198 et
1807 1134 2212 1221 obligatione
2243 1137 2540 1203 omnium
2568 1137 2929 1221 bonorum3

830 1242 868 1270 “
915 1240 985 1300 et
1053 1235 1390 1303 cautiones
1448 1236 1843 1324 exponimus
1919 1258 2037 1322 per
2096 1244 2472 1325 praesentes.
2595 1241 2679 1307 In
2748 1242 2936 1329 cujus

834 1344 868 1372 “
913 1338 1015 1403 rei
1047 1338 1522 1417 testimonium,
1551 1339 1844 1426 sigillum
1890 1344 2195 1406 nostrum
2225 1360 2570 1409 commune
2598 1346 2946 1430 praesenti-

836 1447 868 1476 “
911 1440 1038 1507 bus
1068 1444 1168 1506 cst
1195 1462 1573 1527 appensum.
1663 1440 1915 1509 Datum
1947 1442 2019 1506 in
2049 1442 2262 1509 Domo
2291 1450 2519 1510 nostro
2551 1443 2933 1532 Capitulari,

834 1550 869 1581 “
914 1542 1127 1630 primo
1170 1543 1277 1610 die
1309 1543 1553 1609 mensis
1598 1543 1645 1608 J
1650 1543 1813 1622 unii,
1842 1566 2018 1610 anno
2049 1545 2324 1613 Domini
2353 1547 2702 1615 millesimo
2730 1551 2933 1635 quad-

833 1652 866 1687 “
910 1645 1383 1733 ringentesimo
1427 1646 1760 1712 tricesimo
1805 1647 2147 1713 secundo.'’

491 1766 604 1816 The
620 1765 788 1817 Arch-
920 1748 1260 1815 Exhibitis
1335 1749 1710 1836 supradicto
1787 1750 2077 1816 Domino
2137 1751 2618 1819 Archidiacono
2691 1755 2931 1821 litteris

489 1834 753 1965 ἐῗιῗζοξω·
828 1851 1240 1938 Apostolicis,
1288 1856 1359 1917 et
1402 1852 1837 1939 praesentatis,
1884 1852 2187 1940 factaque
2231 1856 2661 1940 requisitione
2705 1858 2932 1925 debita

491 1968 638 2046 ωερε
660 1976 713 2018 to
830 1958 1156 2041 quatenus
1217 1954 1299 2019 de
1362 1960 1433 2020 et
1492 1975 1689 2041 super
1758 1955 2067 2021 omnibus
2135 1961 2205 2022 et
2266 1957 2543 2043 singulis
2608 1959 2682 2025 in
2739 1960 2931 2025 dictis

466 2033 764 2150 ssffid
828 2056 1071 2124 litteris
1119 2057 1467 2135 contentis,
1524 2057 1885 2123 secundum
1945 2057 2103 2138 vim,
2166 2057 2460 2139 formam,
2510 2065 2580 2127 et
2625 2061 2927 2129 effectum

487 2167 576 2216 the
599 2167 748 2219 Ordi-
827 2161 1203 2242 earundem,
1249 2182 1319 2226 se
1362 2160 1530 2227 velit
1574 2160 1923 2242 instruere,
1968 2165 2039 2227 et
2083 2162 2413 2248 posterius
2448 2163 2797 2248 procedere
2842 2166 2928 2229 ad

488 2247 691 2290 mee&
824 2262 1392 2329 confirmationem
1453 2261 1970 2329 ordinationum
2018 2263 2318 2350 superius
2362 2264 2806 2347 recitatarum‚
2854 2289 2928 2334 ac

823 2386 934 2432 eas
993 2367 1391 2432 auctoritate
1434 2365 1818 2452 Apostolica
1848 2366 2228 2453 approbare,
2276 2388 2436 2433 mox
2486 2368 2600 2433 ille
2644 2370 2737 2435 sic
2781 2392 2926 2457 pro-

822 2470 1050 2536 cedere
1095 2469 1451 2550 consensit3
1497 2469 1914 2555 demumque,
1971 2475 2124 2556 post
2169 2470 2466 2536 debitam
2512 2471 2926 2559 diligentem-

824 2593 951 2657 que
1010 2571 1546 2639 informationem
1606 2570 1926 2649 habitam,
1974 2572 2048 2636 in
2090 2572 2305 2640 forma
2350 2595 2499 2660 quse
2545 2574 2652 2641 hic
2701 2575 2924 2641 subse-

824 2674 1069 2760 quitur,
1133 2676 1219 2742 ad
1279 2696 1507 2741 earum
1583 2673 2151 2743 confirmationem
2216 2675 2923 2765 consolidationemque

818 2783 1223 2865 perpetuam,
1268 2778 1361 2844 sic
1405 2778 1825 2864 processit.—

480 2897 637 2949 Form
658 2898 717 2950 of
908 2887 944 2917 “
993 2880 1131 2947 Uni
1139 2881 1342 2948 versis
1403 2881 1849 2947 Sacrosanctae
1903 2881 2140 2949 Matris
2192 2880 2490 2947 Ecclesiae
2532 2881 2706 2961 filiis,
2753 2905 2923 2969 prse-

483 2966 782 3083 ffissgaffi
820 2989 859 3023 “
903 2984 1189 3050 sentium
1233 2983 1709 3051 continentiam
1741 2984 2152 3071 inspecturis,
2196 2983 2475 3049 Thomas
2505 2983 2921 3070 Bekyntone‚

482 3098 751 3176 cpnflrma·
823 3094 857 3124 “
906 3085 1159 3174 Legum
1223 3087 1488 3168 Doctor,
1534 3087 1837 3152 Decanus
1906 3086 2209 3153 Ecclesiae
2273 3086 2499 3154 Beatae
2563 3086 2795 3154 Mariae
2839 3087 2924 3152 de

481 3172 618 3283 Ἡ)
646 3237 774 3285 1432
817 3194 857 3229 “
902 3189 1205 3255 Arcubus
1265 3188 1778 3267 Londoniarum,
1830 3195 1900 3254 et
1943 3188 2475 3268 -Archidiaconus
2521 3188 2927 3276 Bokyngha-

780 3273 857 3328 ⁸“
902 3292 1054 3357 miae
1099 3292 1169 3357 in
1216 3291 1507 3358 Ecclesia
1552 3290 2018 3369 Lincolniensi‚
2049 3292 2133 3357 ac*
2169 3291 2388 3377 quoad
2432 3290 2924 3378 infrascriptum

818 3401 855 3431 “
902 3393 1241 3481 delegatus
1272 3394 1508 3459 unicus
1553 3394 1746 3460 Sedis
1774 3393 2189 3480 Apostolicae,
2233 3391 2637 3461 sufficienter
2666 3399 2736 3460 et
2760 3395 2923 3482 legi-

817 3503 853 3532 “
900 3498 1063 3563 time
1138 3498 1517 3583 deputatus,
1578 3496 1861 3563 salutem
1921 3496 1996 3561 in
2053 3496 2360 3574 Domin0,
2412 3501 2482 3563 et
2541 3501 2921 3584 perpetuam

817 3607 851 3634 “
896 3599 1279 3664 memoriam
1320 3599 1420 3664 rei
1463 3597 1884 3685 gestae.--Ad
1943 3597 2403 3664 universitatis
2448 3604 2690 3667 vestrae
2747 3600 2924 3664 noti·

817 3707 853 3737 “
901 3702 1064 3767 tiam
1095 3694 1332 3766 deduci
1362 3702 1666 3767 volumus
1710 3721 1828 3787 per
1870 3704 2245 3788 praesentes,
2278 3701 2456 3786 quod
2499 3722 2623 3766 nos
2665 3703 2920 3788 pridem

818 3809 853 3843 “
899 3802 974 3867 in
1049 3802 1316 3887 Capella
1382 3802 1609 3869 Beatae
1674 3802 1909 3870 Mariae
1971 3803 2053 3868 de
2124 3801 2418 3880 Oalbroc,
2483 3803 2647 3869 dicti
2708 3805 2920 3870 nostri

816 3913 851 3961 ‘f
897 3905 1507 3984 Archidiaconatus,
1573 3905 1903 3985 videlicet,
1979 3909 2219 3991 quarto
2286 3905 2396 3971 die
2458 3905 2506 3972 J
2508 3906 2670 3987 unii,
2746 3927 2921 3971 anno

815 4017 849 4047 “
895 4008 1167 4074 Domini
1201 4007 1547 4074 millesimo
1578 4006 2230 4095 quadringentesimo
2254 4006 2588 4074 tricesimo
2619 4008 2920 4086 secundo,

811 4118 851 4148 “
894 4133 1014 4199 pro
1061 4110 1384 4177 tribunali
1427 4111 1745 4188 sedentes,
1788 4110 2049 4176 litteras
2093 4109 2490 4176 sanctissimi
2535 4109 2608 4175 in
2653 4108 2919 4176 Christo

813 4219 850 4249 “
896 4213 1115 4278 Patris
1160 4218 1230 4278 et
1277 4212 1549 4278 Domini
1592 4211 1824 4291 nostri,
1856 4211 2129 4278 Domini
2175 4212 2478 4300 Eugenii,
2523 4211 2652 4278 Dei
2680 4211 2917 4299 gratia,

812 4321 847 4349 “
894 4312 1109 4401 Papae,
1154 4315 1411 4396 Quarti,
1457 4315 1650 4381 nobis
1694 4336 1813 4402 per
1841 4318 2096 4403 partem
2127 4313 2607 4382 venerabilium
2653 4318 2724 4378 et
2767 4313 2918 4379 reli-

809 4424 843 4453 “
887 4417 1219 4504 giosorum
1262 4417 1575 4495 virorum,
1624 4416 1913 4484 Abbatis
1958 4422 2026 4482 et
2088 4416 2473 4484 Conventus
2528 4415 2917 4481 Monasterii

811 4525 845 4555 “
889 4519 1121 4585 Sancti
1163 4520 1432 4600 Albani,
1465 4519 1776 4591 Ecclesiae
1823 4519 2142 4586 Romanse
2185 4518 2568 4585 immediate
2613 4518 2913 4602 subjecti,

806 4626 845 4657 “
892 4620 1168 4687 Ordinis
1242 4622 1475 4689 Sancti
1541 4621 1911 4704 Benedicti,
1980 4621 2469 4688 Lincolniensis
2541 4617 2914 4700 'Dioecesia

870 4853 883 4884 ¹
906 4852 1171 4918 yopotlteca
1193 4851 1249 4903 in
1272 4852 1384 4905 MS.
1812 4852 1825 4921 Ι
1918 4853 1941 4886 ²
1962 4853 2194 4906 Diocesiae
2217 4854 2274 4905 in
2294 4855 2407 4906 MS.
