3467 5717
836 816 965 878 428
1624 823 1981 898 ᾼΡΡΕΝΒῙΧ
2028 807 2144 891 (o).

829 1010 1252 1090 cumbentia3
1318 1012 1398 1074 ut
1459 1010 1635 1074 inter
1692 1031 1761 1074 se
1821 1007 2036 1074 levius
2078 1008 2105 1047 1
2125 1005 2602 1084 dividerentur,
2654 1010 2724 1071 et
2768 1002 2939 1068 alios

831 1117 1061 1179 contra
1107 1133 1357 1179 morem
1403 1117 1472 1177 et
1505 1110 1842 1196 justitiam
1892 1109 2176 1197 amplius
2225 1112 2684 1196 aggravarent.
2776 1103 2937 1171 Ger-

831 1223 1069 1280 nentes
1114 1215 1343 1300 itaque
1387 1235 1611 1280 eorum
1661 1212 2033 1278 molitiones
2077 1211 2384 1277 seriosius
2428 1209 2704 1276 tractari
2734 1227 2938 1293 quam

833 1316 1183 1403 putabant,
1230 1338 1352 1383 nec
1395 1336 1584 1380 suam
1628 1314 1980 1400 pessimam
2027 1313 2468 1379 intentionem
2520 1332 2591 1378 se
2635 1311 2716 1376 de
2760 1305 2940 1373 facili

833 1419 1196 1498 habiturOS,
1228 1417 1485 1484 ablatas
1530 1416 1677 1482 vias
1721 1415 2062 1502 aequitatis
2108 1420 2177 1481 et
2214 1415 2500 1501 justitiae
2543 1413 2937 1489 deserentes,

833 1521 919 1586 ad
950 1520 1083 1584 alia
1125 1519 1325 1585 solita
1354 1541 1492 1585 suae
1547 1517 1572 1558 ²
1592 1517 1979 1582 calliditatis
2021 1523 2428 1606 argumenta,
2460 1516 2535 1581 in
2564 1514 2942 1581 nocentiam

833 1627 904 1687 et
953 1643 1313 1708 gravamen
1367 1620 1473 1685 sui
1528 1620 1802 1701 domini,
1849 1620 1984 1685 suis
2027 1620 2304 1685 fallaciis
2350 1617 2378 1657 ⁸
2401 1618 2530 1706 [et]
2593 1614 2942 1684 blanditiis

834 1723 1204 1788 illuserunt.

926 1823 1214 1904 Quidam
1274 1844 1557 1908 namque
1617 1844 1863 1903 eorum,
1909 1825 2174 1891 nomine
2232 1831 2268 1861 “
2293 1825 2577 1890 Thomas
2638 1816 2941 1906 Heyne,”

835 1927 1007 2013 quod
1071 1931 1292 1990 totum
1352 1924 1379 1963 4
1398 1925 1621 1990 odium
1683 1929 1893 2002 sonat,
1954 1925 2039 1990 ab
2112 1926 2254 2012 ipso
2316 1925 2607 1992 Domino
2668 1923 2941 1989 Abbate

837 2028 1052 2116 petiit,
1114 2027 1381 2092 nomine
1444 2027 1961 2108 communitatis,
2028 2033 2109 2093 ut
2170 2028 2519 2107 turbarias‚
2586 2048 2700 2093 seu
2763 2025 2942 2090 '’ces-

836 2131 1030 2218 pites,
1073 2129 1147 2196 in
1190 2129 1433 2194 bruera
1477 2127 1504 2167 ⁶
1521 2129 1804 2216 separali
1858 2130 1943 2194 de
1986 2131 2447 2211 Barnetwode,
2494 2151 2646 2216 quae
2706 2133 2808 2194 est
2861 2127 2946 2192 de

839 2231 1154 2298 Parochia
1200 2233 1280 2297 de
1325 2230 1735 2318 Sandrygge,
1773 2231 1998 2298 fodere
2039 2237 2280 2319 posset,
2315 2255 2433 2320 pro
2478 2253 2706 2298 eorum
2745 2229 2948 2295 metis

837 2333 862 2372 ⁷
879 2333 1246 2421 sagittariis
1297 2333 1371 2397 in
1425 2333 1518 2399 Le
1566 2333 2011 2419 Monkdyche,
2057 2335 2131 2399 in
2174 2335 2312 2401 solo
2356 2332 2382 2372 ⁸
2402 2331 2947 2419 Eleemosynarii‚

840 2436 1211 2523 erigendis;
1254 2435 1348 2500 sic
1394 2436 1573 2522 quod
1616 2457 1812 2501 suum
1854 2436 2101 2501 initum
2146 2437 2574 2523 propositum,
2612 2435 2732 2500 diu
2776 2433 2945 2499 desi-

838 2538 1145 2604 deratum
1190 2542 1260 2602 et
1307 2536 1739 2619 elaboratum,
1787 2559 1982 2603 sensu
2034 2537 2449 2605 cavillatorio
2493 2541 2654 2603 sunt
2698 2535 2944 2623 adepti.

930 2640 1054 2704 Est
1121 2637 1428 2724 equidem
1491 2639 1670 2705 inter
1735 2639 2039 2705 semitam
2108 2662 2256 2726 quae
2325 2640 2511 2706 ducit
2572 2663 2615 2705 a
2673 2638 2948 2715 venula,

839 2750 874 2777 “
921 2741 1120 2805 Nova
1142 2737 1207 2808 ”,
1231 2746 1632 2827 nuncupata,
1681 2763 1889 2827 usque
1934 2741 2361 2829 Sopwellane,
2424 2744 2726 2829 quaedam
2772 2740 2948 2805 fossa

840 2842 1196 2920 defensiva,
1243 2841 1407 2906 satis
1452 2841 1785 2927 profunda
1838 2849 1908 2909 et
1957 2844 2117 2925 alta,
2166 2844 2249 2909 de
2305 2845 2547 2930 campis
2593 2842 2950 2907 ⁸Eleemo—

841 2929 1124 3031 synaris
1159 2943 1548 3007 Monasterii
1600 2943 1848 3009 ibidem
1896 2944 2247 3025 defossam,
2293 2947 2378 3011 ad
2419 2945 2751 3011 defensam
2795 2948 2951 3008 tam

841 3068 1222 3134 camporum
1290 3045 1429 3131 ejus
1496 3066 1694 3131 quam
1762 3044 2149 3112 ”hortorum
2217 3049 2635 3129 villanorum,
2679 3068 2769 3112 ex
2826 3045 2952 3109 illa

841 3156 1029 3236 parte
1058 3148 1144 3212 ab
1184 3146 1344 3212 olim
1389 3147 1853 3232 adjacentium,
1900 3146 1953 3186 ¹⁰
1962 3150 2181 3237 spatio
2227 3148 2276 3189 ¹¹
2295 3154 2607 3237 apetento
2654 3149 2950 3235 quinque

843 3252 1087 3338 pedum
1142 3253 1212 3315 et
1269 3248 1557 3335 amplius
1631 3248 2045 3330 intermedio,
2107 3273 2228 3338 pro
2302 3251 2804 3318 conservatione
2879 3258 2952 3314 et

841 3351 1234 3440 purgatione
1278 3350 1476 3416 dictae
1519 3348 1726 3427 fossae,
1776 3351 2084 3436 quotiens
2145 3375 2310 3439 opus
2357 3353 2580 3434 fuerit,
2633 3374 2753 3439 per
2805 3349 2954 3416 Mo-

843 3452 1116 3519 nasterii
1159 3450 1186 3490 ⁸
1204 3451 1833 3538 Eleemosynarium,
1866 3454 1972 3518 cui
2022 3454 2109 3519 ab
2156 3455 2435 3542 antiquo
2486 3454 2822 3542 pertinere
2850 3452 2953 3517 di·-

844 3555 1142 3621 noscitur
1205 3554 1661 3619 mundandum
1721 3559 1791 3620 et
1850 3556 2309 3642 reparandum,
2362 3561 2432 3622 et
2490 3578 2609 3643 per
2666 3555 2952 3621 eundem

844 3658 1260 3721 obturatores
1325 3656 1532 3739 juxta
1594 3655 1753 3740 jura
1825 3657 2014 3744 regni
2080 3659 2545 3745 castigandos;
2622 3656 2953 3743 superiore

843 3760 1031 3844 parte
1075 3755 1367 3841 ejusdem
1398 3755 1605 3833 fossae,
1647 3778 1732 3822 ex
1776 3758 1987 3825 altera
2029 3765 2219 3846 parte
2263 3760 2395 3826 viae
2440 3781 2590 3846 quae
2634 3759 2820 3825 ducit
2863 3758 2952 3823 ad

844 3878 1107 3944 campos
1150 3854 1176 3894 ⁸
1193 3856 1734 3944 Eleemosynarii‚
1767 3880 1886 3945 pro
1917 3862 2113 3927 metis
2159 3862 2645 3950 sagittantium,
2674 3884 2759 3928 ex
2803 3883 2952 3947 per-

846 3959 1154 4026 missione
1228 3957 1516 4025 Abbatis
1598 3958 2006 4042 Monasterii,
2081 3964 2458 4051 antiquitus
2546 3969 2952 4031 remanente.

915 4190 931 4223 ¹
956 4190 1294 4241 devidermtur
1313 4190 1365 4240 in
1386 4190 1501 4241 MS.
2012 4194 2034 4226 ⁵
2055 4197 2258 4261 sospites
2280 4195 2335 4246 iu
2358 4195 2472 4248 MS.

913 4267 937 4300 ²
959 4267 1229 4318 caliditatis
1252 4267 1305 4317 in
1327 4268 1442 4320 MS.
2011 4273 2033 4305 ⁶
2055 4273 2272 4340 seper-ali
2291 4274 2343 4325 in
2364 4275 2479 4328 MS.

914 4345 1398 4398 ’OmittedinMs
2010 4351 2507 4419 ⁷Seepage6aate.

913 4425 936 4456 ⁴
958 4425 1011 4475 A
1032 4425 1154 4492 play
1176 4439 1314 4489 upon
1355 4426 1441 4476 the
1475 4426 1660 4478 double
1680 4441 1855 4478 mean-
2007 4430 2031 4462 ⁸
2053 4430 2404 4483 Elemosinarii
2423 4470 2438 4485 .
2462 4471 2476 4485 .
2501 4470 2514 4485 .
2538 4432 2949 4486 Elemooimm‘nn

846 4506 938 4571 ing
959 4504 1017 4554 of
1043 4505 1129 4554 the
1161 4519 1332 4554 names
1355 4507 1385 4534 “
1409 4503 1634 4556 Thomas
1649 4506 1678 4531 ”
1707 4510 1855 4568 (tows
1941 4508 1994 4558 in
2016 4510 2132 4562 MS.

846 4585 977 4648 mas)
1011 4583 1112 4633 and
1145 4583 1176 4610 “
1200 4581 1385 4648 Heyne
1400 4583 1430 4608 ’'
1463 4582 1690 4648 (huyne),
1718 4588 1751 4613 “
1768 4583 1853 4637 the
2006 4589 2028 4619 ⁸
2047 4597 2259 4640 ortorum
2280 4591 2334 4641 in
2355 4589 2467 4644 MS.

846 4666 882 4692 ‘⁴
903 4661 1066 4712 whole
1098 4676 1216 4713 man
1249 4662 1474 4713 hatred.”
1541 4663 1636 4715 See
1667 4679 1797 4731 page
1821 4671 1851 4716 6
2005 4667 2046 4701 ¹⁰
2064 4671 2232 4734 spasio
2253 4670 2306 4721 in
2327 4672 2442 4724 MS.

849 4747 975 4789 auce.
2007 4747 2041 4781 ¹¹
2068 4749 2156 4801 Sic
2179 4749 2231 4801 in
2255 4750 2386 4815 MS„
2409 4768 2496 4818 qy.
2520 4752 2599 4804 sor
2620 4756 2653 4782 ‘⁸
2673 4751 2901 4818 aperto-’⁹
