3467 5717
784 833 916 897 220
1427 848 1744 897 ANNALm
1789 848 2228 900 moNAerRn.

445 1055 752 1123 A.n.14215,6.
784 1047 819 1074 “
863 1037 1150 1104 venietis
1214 1038 1302 1101 ad
1366 1036 1574 1101 vitam
1640 1041 1711 1100 et
1777 1035 2057 1123 gloriam
2118 1035 2607 1123 sempiternam.
2702 1035 2895 1117 Quod

787 1147 820 1177 “
869 1140 991 1206 Ille
1066 1138 1348 1205 feliciter
1423 1143 1698 1233 annuat,
1778 1137 1894 1223 qui
1962 1137 2360 1219 errantibus,
2430 1143 2510 1203 ut
2577 1138 2652 1202 in
2714 1138 2895 1202 viam

785 1252 819 1277 ‘⁶
868 1243 1078 1309 redire
1124 1246 1392 1329 possent
1428 1241 1736 1326 justitiae,
1770 1239 2077 1306 veritatis
2122 1261 2259 1306 suae
2308 1239 2535 1332 lumen
2586 1240 2892 1307 ostendit.

785 1354 816 1380 “
863 1345 1134 1410 Amen.”

441 1459 756 1555 gqeaqrgth-e‘
871 1446 1129 1526 Quibus
1176 1446 1387 1521 dictis,
1421 1450 1492 1509 et
1522 1445 1718 1509 finita
1754 1444 2178 1525 visitatione,
2209 1449 2631 1510 accesserunt
2658 1445 2892 1508 fratres

438 1522 755 1656 ffiquggffito
780 1550 867 1613 ad
914 1548 1271 1629 Abbatem‚
1322 1551 1390 1613 et
1439 1550 1845 1634 rogaverunt
1887 1551 1966 1611 ut
2012 1546 2086 1610 in
2131 1547 2515 1612 memoriam
2547 1544 2652 1612 sui
2687 1568 2892 1611 avun-

438 1663 572 1755 Eriinto
588 1673 730 1755 ffimg
778 1650 927 1729 culi,
976 1651 1221 1715 Prioris
1266 1671 1479 1736 nuper
1523 1648 1834 1724 defiincti,
1887 1646 2262 1734 Priorisque
2307 1648 2548 1735 patrui,
2582 1647 2739 1714 olim
2772 1647 2893 1712 ibi-

436 1724 730 1857 gttreffirtggoe
779 1753 927 1818 dem
962 1751 1319 1830 Cellerarii‚
1352 1750 1622 1837 aliquod
1652 1751 2043 1837 dignaretur
2073 1751 2146 1814 in
2176 1749 2438 1837 scriptis
2468 1750 2842 1837 relinquere
2870 1775 2887 1831 ;

439 1864 666 1916 kinsmen,
778 1856 954 1940 quod
999 1855 1124 1941 ipsi
1170 1853 1500 1940 posterius
1529 1853 1909 1918 lectitantes
1940 1856 2336 1939 cogerentur
2364 1874 2588 1917 eorum
2618 1852 2891 1917 nomina

437 1915 754 2060 ἷῦξζὶἷξέῗᾶξθᾱ
778 1957 1096 2035 venerari,
1145 1955 1463 2022 celebrius
1513 1955 1820 2041 factaque
1880 1954 2139 2032 habere,
2186 1960 2254 2020 et
2299 1953 2546 2031 merita,
2608 1955 2681 2019 in
2741 1976 2888 2041 per-

435 2067 592 2119 placa.
777 2064 983 2147 petua
1025 2058 1655 2125 commemoratione.

435 2159 663 2279 {lemon-
878 2161 1175 2242 Quorum
1207 2161 1553 2248 rogatibus
1572 2159 1802 2224 Abbas
1831 2160 2369 2238 condescendens,
2389 2160 2672 2246 sumpsit
2700 2179 2889 2224 suum

774 2263 1143 2352 graphium,
1207 2263 1595 2349 tabulasque
1656 2261 2099 2348 complanans,
2147 2262 2410 2349 scripsit
2456 2261 2728 2327 metrice
2773 2282 2888 2347 per

775 2366 954 2431 hunc
999 2365 1377 2430 modum.—-
2124 2381 2133 2390 ·

434 2475 621 2554 verses
864 2473 902 2503 “
947 2467 1255 2533 Nominis
1301 2467 1593 2552 ejusdem
1639 2473 1773 2532 tres
1818 2467 2241 2533 laetabantur
2287 2467 2553 2544 ibidem,

431 2547 632 2658 vanmttffi
653 2544 738 2660 ἷζε
963 2576 996 2603 “
1043 2568 1190 2649 Quo
1235 2568 1389 2633 fluit
1434 2569 1506 2632 in
1551 2569 1824 2656 pelagus
1870 2568 2062 2655 Tyna
2106 2591 2332 2635 recens
2375 2568 2634 2635 fluvius.

429 2674 714 2806 ἔξώοεξὲοῗῦθ
867 2678 901 2705 “
948 2669 1259 2757 Claviger
1303 2692 1478 2735 unus
1524 2675 1684 2748 erat,
1736 2670 1927 2735 Prior
1971 2672 2159 2751 alter,
2206 2675 2274 2737 et
2318 2672 2441 2737 hic.
2472 2692 2651 2736 sacer
2696 2676 2883 2735 extat

435 2809 715 2858 characters
863 2781 898 2807 “
944 2772 1210 2839 Tertius
1255 2771 1507 2837 Albani
1552 2776 1781 2860 pastor
1824 2771 1849 2810 ¹
1872 2772 2389 2860 Protomartyris
2433 2772 2610 2839 almi.

429 2875 740 2992 323²&sz
864 2884 895 2910 “
943 2874 1099 2940 Hiis
1146 2875 1364 2940 tribus
1409 2873 1532 2939 hoc
1577 2869 1789 2939 unum
1833 2872 2154 2940 frumenti
2197 2875 2360 2940 dant
2403 2874 2548 2940 loca
2591 2895 2835 2939 nomen

430 3005 674 3058 kimmen.
713 3040 750 3059 ,ff
863 2986 895 3013 ‘⁴
942 2976 1504 3055 Whethamstede‚
1551 2977 1817 3064 prop'rio
1864 2978 2216 3042 variantur
2258 2977 2525 3043 nomine
2567 2976 2741 3042 bino.

864 3086 898 3114 “
945 3080 1122 3144 Nam
1169 3079 1389 3144 senior
1432 3079 1704 3164 reliquis
1736 3087 1754 3113 ‘
1786 3078 2206 3160 Willelmus,'
2239 3085 2308 3145 et
2351 3079 2580 3145 ordine
2611 3079 2881 3165 primuS,

859 3189 894 3216 “
940 3180 1181 3246 Dictus
1227 3185 1385 3260 erat,
1421 3180 1703 3266 juvenes
1732 3181 2118 3247 vocitantur
2162 3182 2431 3267 utrique
2477 3191 2492 3216 ‘
2511 3180 2559 3245 J
2560 3180 2883 3248 ohannes.’

860 3290 892 3317 ‘⁶
937 3284 1197 3349 Primus
1242 3286 1385 3348 erat
1429 3282 1649 3349 medio
1693 3287 1988 3369 patruus,
2035 3283 2292 3349 medius
2339 3304 2600 3370 quoque
2646 3288 2834 3349 terno

860 3394 893 3420 “
942 3384 1027 3450 In
1071 3386 1326 3471 reliquo
1370 3385 1575 3450 latere
1621 3393 1762 3450 stat
1806 3385 2179 3451 avunculus
2224 3408 2310 3451 ex
2354 3385 2691 3473 genitrice.

859 3496 892 3522 “
939 3488 1201 3551 Primus
1250 3484 1575 3552 Whitleia
1618 3509 1769 3553 oum
1813 3488 2024 3574 pratis
2072 3493 2325 3553 emerat
2370 3510 2552 3567 arva,

946 3596 982 3622 “
1028 3589 1119 3653 Et
1163 3589 1392 3653 domui
1428 3588 1683 3675 junxit,
1734 3589 2045 3675 Claviger
2090 3590 2269 3655 unde
2317 3589 2489 3669 fuit3

857 3700 892 3725 “
940 3690 1101 3755 Post
1146 3689 1588 3756 Haltwesiliae
1633 3691 1987 3756 rectoriam
2035 3694 2371 3779 propriare

860 3800 892 3826 “
938 3790 1307 3856 Prudenter
1350 3791 1652 3873 studuit;
1698 3799 1946 3879 praeter
1989 3794 2130 3858 haec
2174 3794 2351 3860 bona
2379 3794 2671 3881 plurima
2703 3793 2875 3860 fecit.

860 3902 892 3929 ‘⁴
939 3893 1316 3959 Proximior
1359 3894 1594 3980 primo,
1638 3895 1821 3982 prior
1866 3896 2121 3976 ordine,
2158 3897 2390 3982 junior
2432 3896 2563 3973 illo,

860 4006 892 4033 “
937 3997 1295 4083 Diruptam
1328 3995 1608 4081 januam
1655 4003 1939 4083 reparat,
1985 4020 2341 4085 rursusque
2383 3999 2712 4084 relapsam

859 4106 892 4134 “
936 4098 1158 4184 Erigit
1203 4120 1245 4162 a
1290 4097 1512 4176 fundo,
1558 4099 1912 4185 variatque
1960 4100 2169 4165 situm
2217 4101 2546 4179 situando,

859 4210 890 4235 “
938 4202 1155 4266 Ornat
1200 4201 1450 4266 honore
1493 4200 1727 4281 locum,
1776 4206 1984 4268 terret
2028 4202 2400 4269 munimine
2447 4203 2741 4287 Scotum,

857 4308 891 4337 “
935 4302 1038 4367 De
1083 4301 1481 4389 Wylomque
1527 4303 1814 4380 domum,
1858 4304 2034 4369 fiunt
2079 4304 2198 4369 ubi
2240 4306 2485 4392 gaudia
2527 4307 2832 4390 fratrum,

855 4411 889 4439 “
934 4404 1061 4469 Per
1104 4425 1377 4492 guerras
1419 4404 1691 4490 lapsam,
1737 4427 1970 4471 rursus
2014 4406 2214 4488 levat,
2262 4407 2464 4474 efficit
2513 4410 2745 4497 ipsam.

857 4515 889 4543 “
937 4507 1160 4593 AEgris
1206 4529 1340 4573 aera
1383 4506 1585 4587 dedit,
1635 4527 1965 4573 cameram
2013 4530 2276 4595 quoque
2315 4508 2635 4577 fratribus
2664 4513 2877 4591 auxit,

1521 4763 1535 4794 ¹
1561 4761 1968 4815 Protltomartt'ris
1990 4765 2044 4815 in
2069 4765 2181 4817 MS.
