3467 5717
537 1434 575 1463 “
619 1437 954 1535 posterum
989 1438 1361 1523 proniorem
1406 1442 1495 1508 ad
1539 1444 1989 1529 peccandum3
2049 1448 2273 1532 imme,
2327 1455 2640 1539 quemad-

537 1537 573 1566 “
618 1536 889 1602 modum
943 1539 1262 1624 Christus,
1314 1564 1434 1630 per
1485 1544 1858 1613 ultroneam
1916 1550 2357 1636 aperitionem
2406 1555 2635 1642 januae

536 1638 571 1669 “
616 1638 868 1724 gratiae,
927 1639 1226 1731 fragilem
1289 1647 1579 1713 attraxit
1645 1648 2020 1717 adulteram
2092 1654 2181 1720 ad
2262 1654 2632 1723 honestatis

534 1742 572 1772 “
614 1739 999 1823 thalamum,
1059 1766 1138 1811 ac
1196 1744 1470 1814 induxit
1527 1755 1871 1837 peccatum
1929 1753 2245 1822 adulterii
2302 1759 2632 1844 posterius

529 1845 565 1875 “
607 1842 973 1927 abhorrere,
1043 1847 1143 1914 ita
1209 1856 1279 1915 et
1350 1870 1489 1930 vos,
1552 1874 1670 1940 per
1736 1856 2096 1942 gratiosam
2166 1861 2631 1928 reserationem

527 2256 565 2285 “
611 2253 993 2343 privilegiis,
1024 2256 1216 2324 vobis
1251 2260 1502 2346 poterit
1531 2261 1859 2333 exhibere.
1948 2265 2059 2330 Ad
2090 2265 2632 2334 conformandum

529 2359 565 2388 “
611 2376 731 2422 vos
781 2357 995 2444 igitur
1039 2359 1170 2426 hiis
1220 2361 1316 2448 pii
1367 2362 1793 2430 Plasmatoris
1844 2367 2170 2453 operibus,
2218 2370 2381 2436 meis
2439 2371 2635 2438 rectis

527 2462 564 2491 “
608 2459 1242 2549 rationabilibusque
1303 2465 1660 2549 desideriis,
1721 2468 1989 2536 obsecro
2040 2470 2116 2535 in
2171 2469 2384 2538 forma
2434 2474 2632 2561 pacis,

526 2570 562 2596 “
605 2565 678 2627 et
728 2562 974 2650 absque
1014 2565 1314 2632 ulteriori
1360 2567 1504 2634 litis
1549 2570 1853 2656 strepitu,
1891 2572 2347 2659 adquiescatis.
2438 2575 2531 2641 Et
2560 2577 2634 2642 in

526 2667 562 2697 “
607 2668 931 2732 aeternum
981 2673 1051 2733 et
1100 2667 1281 2735 ultra
1326 2678 1595 2738 maneat
1648 2672 1832 2740 Deus
1882 2674 2065 2764 pacis
2125 2681 2196 2742 et
2254 2676 2631 2745 dilectionis

526 2771 563 2800 “
607 2789 758 2833 cum
807 2770 1169 2836 reverenda
1218 2773 1619 2860 paternitate
1666 2780 1907 2844 vestra.
1997 2776 2335 2868 Scriptum
2375 2780 2451 2845 in
2479 2781 2625 2848 Μο-

524 2873 562 2902 “
606 2870 893 2936 nasterio
922 2871 1291 2961 Anglorum
1319 2871 1345 2913 ¹
1363 2873 1897 2965 Protomartyris,
1914 2878 1987 2946 in
2019 2878 2217 2949 Festo
2248 2879 2617 2952 Dominicae

524 2976 561 3005 “
609 2970 1191 3044 Circumcisionis”

760 3286 1156 3359 Semmdwm
1199 3288 1602 3375 rcwwdium,
1646 3290 1736 3359 in
1779 3290 2115 3362 Proesubis
2158 3293 2394 3364 <manvi

610 3529 771 3597 Post
815 3530 936 3599 has
979 3531 1307 3620 epistolas,
1354 3554 1518 3620 quas
1582 3533 1919 3600 intellexit
1962 3532 2193 3600 Abbas
2258 3535 2344 3600 ad
2409 3534 2625 3602 molli-
2647 3534 2753 3587 Not
2771 3549 2889 3616 9¹¹0·

517 3632 848 3700 ficandum
892 3657 1006 3702 cor
1048 3635 1358 3703 Praesnlis
1400 3635 1623 3702 minus
1666 3636 1971 3719 efficaces,
2019 3636 2283 3703 addidit
2340 3637 2621 3705 ulterius
2646 3605 2864 3735 ἓξὲξ,
2875 3605 2948 3720 ¹1³1}

516 3736 698 3803 aliud
746 3737 1056 3820 medium,
1102 3743 1189 3821 et,
1234 3743 1316 3805 ut
1359 3738 1683 3827 sperabat,
1728 3738 1938 3827 magis
1982 3739 2231 3822 efficaX,
2275 3740 2364 3807 ad
2408 3742 2620 3808 molli-
2643 3735 2959 3855 ffigffign·

516 3838 853 3906 ficandum
881 3862 993 3907 cor
1021 3862 1231 3909 suum.
1299 3842 1597 3909 Accessit
1625 3864 1914 3929 namque
1942 3842 2017 3908 in
2044 3864 2323 3930 persona
2350 3845 2620 3932 propria
2644 3869 2793 3921 batis
2809 3818 2960 3935 agag}

517 3942 604 4007 ad
647 3943 1069 4029 praesentiam
1111 3943 1337 4032 ipdus,
1368 3944 1777 4033 rogabatque
1803 3945 2028 4012 verbis
2055 3945 2239 4033 pacis
2282 3966 2359 4011 ac
2402 3943 2621 4011 humi·
2644 3949 2937 4054 5⁸¹1qu

515 4044 747 4126 litatis,
777 4050 859 4113 ut
886 4046 1270 4135 permittere
1298 4048 1505 4114 vellet
1531 4047 2002 4136 pauperculum
2031 4068 2225 4113 suum
2253 4046 2619 4134 priorulum

514 4147 801 4233 gaudere
845 4149 1133 4236 pacifice,
1165 4150 1412 4237 absque
1441 4171 1837 4238 quacunque
1877 4148 2316 4235 impetitione,
2360 4148 2621 4237 impug-

514 4249 805 4332 natione,
839 4255 958 4317 aut
987 4250 1490 4337 inquietatione,
1519 4250 1946 4319 libertatibus
1990 4250 2171 4334 suis;
2217 4256 2288 4318 et
2316 4252 2620 4339 promisit

511 4352 692 4437 quod
751 4352 811 4419 si
870 4353 1008 4419 suis
1064 4354 1410 4442 rogatibus
1457 4355 1748 4443 benigno
1792 4354 2015 4420 animo
2060 4353 2448 4441 dignaretur
2505 4355 2618 4420 ad-

513 4453 861 4540 quiescere,
906 4462 1169 4546 cogeret
1210 4476 1405 4524 suum
1467 4456 1761 4525 Priorem
1821 4457 2121 4524 indoctos
2165 4478 2379 4523 mores
2423 4456 2619 4522 corri-

1250 4740 1898 4794 ⁸Pmthonartirieinus.
2310 4824 2351 4886 2

2209 4838 2262 4890 U
