3467 5717
854 828 983 897 372
1502 840 1820 891 ANNALES
1864 818 2287 891 Heumann

517 1050 825 1105 A.1›.1433,4.
854 1026 1422 1103 Archidiaeonum,
1466 1047 1664 1111 quam
1712 1025 1914 1090 etiam
1946 1024 2321 1100 Vicarium3
2369 1023 2778 1108 demumque,
2808 1041 2956 1086 cum

515 1138 711 1215 ποι-ὼς
739 1144 829 1187 not
854 1134 1089 1194 neuter
1135 1149 1504 1214 comparere
1552 1133 1826 1206 curaret,
1882 1126 2194 1213 processit
2255 1127 2327 1189 in
2368 1126 2539 1212 jure,
2584 1125 2735 1189 lieet
2794 1122 2958 1188 satis

516 1218 831 1319 ffipffingffa,
855 1232 1122 1318 injuste,
1199 1235 1429 1295 contra
1504 1228 1860 1309 Vicarium,
1937 1227 1959 1265 ¹
1980 1227 2702 1313 excommunicavitque
2786 1247 2953 1291 eum.

515 1336 639 1397 tion,
662 1336 765 1386 the·
856 1333 1157 1398 Audiens
1201 1337 1423 1398 autem
1469 1330 1991 1396 Archidiaeonus
2034 1330 2375 1397 Viearium
2396 1357 2402 1362 ·
2422 1329 2638 1406 fuisse,
2684 1334 2756 1395 et
2796 1348 2956 1405 esse,

515 1402 831 1519 ξῗζῖᾆᾟῗ
856 1457 971 1521 per
1036 1435 1376 1499 Decanum
1439 1432 1521 1498 de
1573 1432 1880 1498 Areubus
1924 1430 1949 1471 ¹
1967 1432 2629 1512 excommunicatum,
2690 1435 2956 1496 senten-

517 1534 796 1584 communi·
855 1536 1149 1622 tiamque
1173 1533 1909 1601 1excommunicationis
1936 1534 2134 1601 fuisse
2162 1534 2565 1622 publicatam
2594 1555 2713 1621 per
2733 1553 2960 1600 omnes

515 1601 762 1717 {agatthe
853 1639 1152 1704 eeclesias
1174 1636 1579 1725 parochiales
1601 1658 1804 1724 prope
1823 1637 2391 1703 Rikmersworthe
2408 1634 2958 1723 circumjacente&

517 1756 631 1807 The
648 1757 813 1836 Argh-
855 1741 927 1804 in
957 1744 1222 1806 tantum
1271 1739 1399 1805 sibi
1444 1738 1679 1805 timere
1722 1744 2030 1826 coeperat,
2075 1740 2254 1826 quod
2298 1739 2608 1805 membris
2650 1744 2962 1804 tremeret

516 1826 706 1874 deacon
729 1839 773 1873 ¹⁸
856 1843 1179 1921 omnibus,
1245 1842 1435 1908 velut
1509 1842 1705 1907 arbor
1779 1840 2117 1922 tremulus,
2191 1844 2584 1929 cuperetque
2673 1840 2959 1905 nimium

516 1892 739 2007 ffloearfflgd
858 1943 883 1983 ²
905 1945 1217 2010 timorose
1263 1944 1335 2008 in
1365 1948 1558 2010 antro
1603 1943 1810 2009 muris
1854 1942 2246 2022 delitescere,
2278 1943 2632 2028 quominus
2675 1942 2761 2007 ad
2804 1962 2957 2006 eum

517 2023 724 2075 thereat.
859 2046 1189 2112 sententia
1233 2044 1926 2112 excommunicationis
1971 2045 2245 2111 extendi
2292 2049 2525 2131 posset.

517 2157 600 2206 He
621 2171 736 2221 pro·
948 2148 974 2186 ³
994 2148 1122 2213 Sed
1199 2168 1346 2213 cum
1422 2149 1506 2213 ad
1582 2154 1744 2213 tune
1817 2147 1912 2212 sic
1984 2146 2191 2213 latere
2266 2168 2681 2233 nequaquam
2726 2145 2959 2223 valuit,

517 2231 792 2353 ssffntffiis
858 2252 1116 2315 nullum
1180 2250 1362 2315 aliud
1423 2272 1757 2338 superesse
1818 2248 2181 2315 remedium
2242 2249 2543 2330 eredidit,
2592 2248 2722 2313 nisi
2782 2247 2959 2333 quod

518 2356 673 2406 office.
857 2375 899 2417 a
973 2374 1091 2418 suo
1157 2352 1367 2418 officio
1441 2352 1718 2431 cederet,
1780 2352 2114 2438 talemque
2188 2355 2340 2437 post
2411 2373 2480 2417 se
2555 2351 2961 2437 relinqueret

857 2476 1120 2521 eausam
1166 2455 1664 2541 dependentem,
1712 2476 1878 2540 quae,
1926 2454 1984 2519 si
2028 2475 2446 2541 nequaquam
2490 2453 2731 2519 fortem
2772 2454 2958 2517 viva-

855 2578 1125 2643 cemque
1176 2557 1455 2622 haberet
1498 2557 1572 2622 in
1632 2556 1937 2644 proximo
1996 2556 2512 2645 suffragatorem,
2575 2560 2792 2621 totum
2838 2577 2956 2642 pro

855 2664 1172 2745 perpetuo
1206 2658 1742 2744 jurisdictionem
1788 2658 2288 2747 Archiepiseopi
2331 2658 2717 2751 infirmaret,
2790 2659 2954 2724 Gra-

856 2761 1042 2826 diens
1105 2760 1314 2848 igitur
1387 2761 1476 2826 ad
1520 2760 1875 2842 Abbatem,
1939 2784 2059 2849 pro
2116 2762 2246 2828 isto
2305 2761 2607 2829 habendo
2649 2761 2956 2841 remedio,

517 2880 644 2931 And
665 2882 754 2931 ad·
858 2864 1197 2950 proposuit
1242 2884 1462 2929 coram
1531 2885 1609 2929 eo
1670 2885 1791 2951 per
1853 2863 2032 2929 hune
2095 2864 2367 2930 modum
2388 2872 2529 2930 :—“
2548 2862 2782 2930 Pastor
2823 2864 2952 2951 pie,

517 2949 710 3065 ῗξξξξ
732 2946 818 2999 ‘¹¹0
859 2970 895 3001 “
940 2971 1011 3030 et
1055 2969 1247 3053 pater
1274 2967 1563 3032 multum
1592 2965 2114 3053 benigne—Vir
2155 2967 2243 3032 ad
2288 2987 2568 3053 praesens
2595 2966 2757 3030 adeo
2801 2986 2953 3030 sum

517 3080 740 3132 then-eon.
859 3073 898 3103 “
940 3068 1350 3155 grandaevus
1367 3148 1381 3161 ·
1397 3068 1572 3155 quod
1635 3068 2004 3134 eoecutiunt
2063 3068 2093 3107 ⁴
2113 3068 2278 3134 mihi
2337 3069 2527 3147 oculi,
2570 3067 2961 3134 surdescunt

860 3176 897 3204 “
941 3191 1149 3249 aureS,
1188 3191 1541 3257 sensusque
1569 3170 1685 3235 alii
1729 3168 1756 3208 ⁵
1785 3169 2148 3237 hebescunt
2177 3170 2486 3238 universi.
2580 3169 2711 3236 Tot
2754 3170 2960 3236 etiam

859 3277 898 3306 “
943 3276 1014 3337 et
1056 3271 1266 3338 tantis
1324 3293 1586 3360 premor
1628 3294 1706 3338 ae
1768 3294 2010 3360 gravor
2077 3272 2228 3339 aliis
2290 3273 2650 3340 senectutis
2712 3272 2962 3338 incom-

858 3378 893 3407 “
940 3374 1172 3451 modis,
1220 3374 1399 3461 quod
1461 3395 1884 3462 nequaquam
1927 3376 2186 3442 valeam
2232 3375 2571 3442 commode
2616 3374 2964 3441 Archidia-

857 3481 894 3510 “
939 3480 1212 3541 conatus
1279 3475 1562 3541 officium
1626 3476 1904 3543 ulterius
1977 3477 2358 3565 gubernare.
2451 3477 2682 3565 Ipsum
2750 3477 2963 3565 igitur

858 3582 896 3614 “
939 3577 1198 3655 invoco,
1241 3574 1504 3657 “imm0,
1533 3578 1865 3646 instanter
1904 3579 2393 3667 instantiusque
2437 3602 2657 3659 exoro,
2690 3579 2961 3666 abjicite

858 3682 895 3713 “
939 3700 981 3742 a
1024 3679 1187 3744 meis
1230 3678 1536 3761 humeris,
1583 3681 2036 3769 imponiteque
2079 3682 2214 3748 illis
2273 3682 2390 3769 qui
2434 3683 2640 3770 agiles
2684 3684 2846 3749 su'nt
2888 3688 2961 3748 et

856 3784 892 3815 “
937 3781 1147 3864 magis
1225 3780 1428 3846 fortes
1502 3782 1589 3846 ad
1662 3783 2188 3870 supportandum
2262 3784 2397 3850 tale
2473 3784 2694 3852 onus?
2828 3783 2958 3851 Cui

518 3879 628 3997 Thg
650 3878 826 3932 Abbot
854 3881 1083 3947 Abbas
1107 3888 1252 3947 z——“
1272 3883 1521 3964 Frater,
1582 3885 2056 3973 confraterque,
2118 3886 2373 3969 dilecte,
2433 3886 2560 3954 hoe
2584 3886 2791 3974 ·quod
2838 3909 2960 3952 vos

515 3960 580 4061 ἓξ
594 3961 828 4062 ᾶῖἓῖοω
854 3992 887 4018 “
933 3984 1130 4051 modo
1175 3986 1428 4073 petitis,
1481 4008 1619 4052 non
1664 3993 1768 4053 est
1824 3986 1896 4053 in
1943 3989 2169 4075 aliquo
2228 4011 2348 4076 pro
2409 3993 2632 4055 vestro
2690 3988 2955 4054 honore.

515 4080 799 4198 ¹230th
853 4093 888 4123 “
935 4086 1221 4153 Habetis
1272 4089 1450 4153 enim
1510 4110 1772 4155 eausam
1816 4090 2113 4172 arduam,
2159 4096 2229 4156 et
2271 4091 2436 4156 satis
2493 4090 2954 4170 intricabilem,

512 4224 741 4275 purpose,
853 4196 888 4223 “
932 4194 1163 4255 contra
1184 4211 1302 4255 vos
1329 4191 1403 4254 in
1433 4188 1634 4257 Curia
1664 4191 1747 4257 de
1775 4191 2082 4259 Areubus
2111 4193 2604 4279 dependentem.
2671 4191 2960 4257 Finiatis

853 4296 889 4326 “
932 4290 1143 4376 ipsam
1187 4291 1516 4378 primitus,
1577 4294 1988 4380 vincatisque
2032 4294 2318 4361 viriliter
2375 4296 2449 4360 in
2507 4294 2632 4361 hoe
2680 4294 2963 4381 proeli0;

917 4506 933 4539 ¹
957 4507 1427 4572 excomunicavitque
1456 4545 1469 4560 .
1496 4545 1510 4561 .
1539 4544 1554 4560 .
1582 4510 1854 4560 eoecomuni-
2008 4508 2031 4541 ⁴
2051 4509 2196 4560 unichi
2216 4511 2270 4561 in
2294 4511 2407 4563 MS.

848 4595 1010 4636 catum
1031 4624 1045 4638 .
1069 4624 1083 4638 .
1108 4623 1122 4637 .
1147 4589 1606 4640 excomunicatiomze
1627 4588 1684 4640 in
1705 4587 1820 4641 MS.
2007 4588 2029 4621 ⁶
2051 4586 2280 4640 chemae
2301 4589 2356 4640 in
2380 4589 2495 4642 MS.

912 4665 936 4696 ²
959 4667 1174 4716 timer-ose
1195 4666 1249 4717 in
1271 4667 1384 4721 MS.
2013 4667 2035 4701 ⁶
2055 4684 2163 4733 ymo
2186 4667 2243 4718 in
2266 4668 2384 4721 MS.

913 4741 935 4774 ³
957 4742 1047 4793 Set
1065 4743 1120 4794 in
1144 4743 1260 4795 MS.
