3467 5717
721 718 851 782 216
1383 729 1700 784 ANNALES
1744 726 2164 780 Momsrann

391 937 697 996 A.n.1425,6.
720 922 758 953 “
804 916 929 983 loci
961 916 1435 985 consuetudine
1463 936 1729 982 manere
1759 917 2257 991 consueverunt,
2303 912 2527 1000 sicque
2555 911 2829 999 spiritus

724 1023 762 1054 “
804 1019 1107 1085 reficiant
1151 1017 1482 1106 fatigatos,
1535 1021 1615 1084 ut
1664 1022 2076 1084 revertentes
2117 1015 2357 1082 fortius
2406 1036 2639 1082 vacare
2667 1012 2692 1050 ¹
2717 1035 2830 1100 po-

725 1126 763 1157 “
810 1125 1056 1202 terunt,
1102 1143 1180 1187 ac
1230 1119 1596 1187 ferventius
1648 1119 1916 1198 instent,
1969 1118 2043 1184 in
2091 1118 2398 1205 operibus
2445 1112 2783 1182 consuetis.

820 1227 855 1259 “
886 1221 979 1288 Et
1053 1221 1606 1308 quemadmodum
1660 1221 1875 1287 Priori
1951 1220 2360 1306 injungimus
2408 1222 2497 1284 ut
2568 1217 2830 1304 singula

729 1330 765 1360 “
810 1324 1126 1390 fratribus
1154 1346 1273 1412 pro
1324 1324 1454 1388 hiis
1503 1321 2020 1389 recreationibus
2072 1322 2302 1388 debita
2350 1343 2427 1388 ac
2470 1318 2831 1387 necessaria

730 1432 768 1462 “
814 1425 1163 1513 provideat
1190 1425 1585 1492 sufficienter
1614 1428 1684 1491 et
1712 1425 1854 1492 sine
1900 1423 2238 1506 dilatione,
2266 1424 2361 1489 sic
2389 1424 2594 1489 etiam
2624 1422 2833 1487 omni-

731 1533 767 1563 “
813 1528 937 1593 bus
995 1527 1407 1615 praecipimus
1480 1525 1814 1605 fratribus,
1873 1525 2367 1611 districtiusque
2428 1524 2832 1599 mandamus,

731 1636 768 1665 “
812 1634 1162 1716 quatenus·
1183 1629 1256 1693 in
1303 1629 1434 1694 11118
1483 1628 1620 1694 suis
1666 1627 1924 1694 solatiis
1976 1649 2203 1693 omnes
2248 1626 2609 1715 superfluos
2653 1624 2834 1691 devi-

731 1737 768 1766 “
811 1734 961 1796 tent
1005 1752 1324 1811 excessua,
1369 1729 1641 1795 inutiles
1700 1729 2041 1796 declinent
2087 1729 2485 1816 vagationes,
2540 1749 2662 1793 nec
2710 1726 2845 1804 alif

728 1840 763 1868 “
809 1833 1073 1917 quando
1136 1832 1223 1896 ad
1304 1832 1444 1897 haec
1500 1832 1646 1897 loca
1705 1831 2048 1897 divertant
2124 1830 2242 1897 ubi
2301 1830 2382 1896 de
2439 1829 2615 1897 facili
2671 1828 2833 1893 oriri

733 1940 770 1969 “
815 1939 1034 2020 posset
1093 1933 1477 1999 scandalum
1521 1937 1793 2020 propter
1851 1934 2297 1999 ministratam
2353 1931 2694 1997 materiam
2756 1931 2833 1995 in

730 2038 764 2071 “
811 2034 1211 2121 evagatione.
1307 2035 1501 2114 Quod
1553 2035 1611 2102 si
1663 2035 1904 2121 aliquis
1947 2036 2190 2122 spiritu
2248 2034 2544 2101 levitatis
2595 2033 2835 2098 ductus
2914 2071 2921 2077 ·

734 2144 766 2173 “
812 2137 941 2201 hiis
999 2137 1243 2203 nostris
1305 2136 1788 2202 tentationibus
1833 2137 2054 2203 minus
2113 2136 2549 2203 effectualiter
2605 2134 2837 2220 adqui-

733 2244 772 2275 “
817 2239 962 2318 erit,
1025 2243 1095 2304 et
1153 2237 1239 2303 ad
1295 2238 1442 2304 loca
1500 2238 1663 2304 talia
1720 2260 1887 2304 ausu
1943 2239 2294 2305 temerario
2344 2259 2414 2303 se
2467 2235 2833 2314 diverterit,

730 2345 768 2375 “
813 2341 990 2427 quod
1042 2339 1238 2420 absit,
1299 2340 1743 2428 suspendatur
1800 2340 1953 2406 talis
2014 2340 2097 2407 de
2142 2344 2382 2407 caetero
2443 2362 2486 2404 a
2542 2338 2835 2417 solatiis;

733 2444 769 2476 “
814 2441 1066 2526 fiatque
1125 2462 1243 2529 per
1302 2441 1595 2507 Priorem
1668 2440 1994 2528 generalis
2068 2441 2469 2522 interdictiO,
2542 2461 2628 2504 ne
2687 2438 2835 2526 quis

728 2548 766 2578 ‘⁸
808 2542 1090 2607 fratrum
1121 2541 1204 2608 de
1231 2547 1471 2608 caetero
1500 2565 1579 2608 ea
1621 2542 1781 2624 loca,
1813 2543 1921 2609 vel
1963 2542 2226 2622 similia,
2256 2543 2469 2620 adeat,
2500 2541 2629 2606 nisi
2674 2562 2834 2626 qua·

730 2649 766 2678 “
810 2647 1005 2708 tenus
1063 2664 1180 2730 per
1254 2642 1472 2728 ipsum
1534 2643 1832 2710 Priorem
1907 2644 2286 2710 licentietur
2343 2645 2417 2708 in
2477 2643 2706 2730 specie,
2768 2648 2838 2707 et

731 2752 771 2781 “
817 2766 1093 2831 persona
1126 2765 1204 2809 ac
1251 2745 1522 2811 ecclesia
1565 2746 1709 2811 sine
1740 2745 2007 2812 honoris
2038 2745 2376 2834 dispendio
2425 2750 2605 2811 stare
2646 2749 2837 2831 pote-

734 2854 768 2882 “
813 2846 922 2927 rit,
968 2851 1037 2915 et
1081 2846 1369 2912 nominis
1411 2846 1695 2914 laesione.

777 3114 879 3181 De
922 3115 1254 3183 solutione
1302 3116 1594 3182 Oamsroe
1626 3113 1998 3201 fratribus,
2045 3122 2105 3181 et
2148 3115 2229 3180 de
2264 3111 2793 3200 possessionibus

859 3240 994 3307 pro
1035 3218 1368 3286 solutione
1411 3215 2299 3305 &affluatis—Capitulum
2347 3214 2705 3300 Qumtwn.

819 3377 855 3407 “
903 3371 1244 3450 Praeterea,
1288 3392 1374 3436 ne
1402 3393 1445 3436 a
1488 3391 1681 3435 mane
1724 3368 2181 3435 laborantibus
2225 3367 2297 3433 in
2340 3388 2679 3455 vesperam
2724 3367 2835 3433 de-

732 3475 769 3504 “
814 3471 960 3536 bita
1019 3473 1446 3538 detineantur
1518 3471 1862 3558 stipendia,
1923 3475 2273 3556 causetque
2333 3469 2473 3536 haec
2545 3467 2839 3534 detentio

732 3579 770 3609 “
816 3573 1308 3639 occasionaliter
1365 3574 1437 3639 in
1496 3572 1816 3641 fratribus
1860 3572 2468 3651 murmurationem,
2531 3569 2838 3637 determi-

733 3681 768 3712 “
813 3680 1047 3739 natum
1108 3680 1213 3740 est
1274 3676 1695 3754 unanimiter,
1741 3697 1819 3740 ac
1866 3675 2177 3754 decisum,
2225 3678 2304 3739 ut
2355 3675 2475 3740 has
2528 3677 2839 3761 pecunias

730 3783 768 3812 “
812 3797 977 3862 quas
1038 3775 1195 3841 olim
1254 3775 1338 3842 de
1397 3798 1597 3842 manu
1672 3777 1921 3842 Prioris
1980 3798 2100 3863 pro
2159 3798 2384 3844 eorum
2457 3778 2837 3844 necessariis

731 3884 766 3916 “
811 3882 1292 3945 consueverunt
1321 3878 1558 3945 fratres
1601 3879 1903 3966 recipere,
1936 3878 2020 3944 de
2049 3882 2283 3945 caetero
2311 3878 2487 3966 ipsas
2516 3879 2839 3967 recipiant

733 3988 768 4018 “
810 4003 930 4068 per
978 4002 1215 4065 manus
1260 3981 1460 4048 unius
1513 3979 1809 4047 officiarii
1837 3981 1923 4046 ad
1969 3981 2110 4059 hoc,
2163 4002 2311 4046 cum
2340 4001 2659 4047 consensu
2689 4003 2837 4069 par-

731 4089 767 4120 “
809 4084 999 4163 tium,
1048 4082 1368 4170 deputati,
1400 4082 1482 4149 de
1522 4083 1957 4170 proventibus
2002 4088 2073 4149 et
2116 4083 2484 4150 redditibus
2526 4084 2837 4150 villarum

729 4192 765 4220 “
811 4185 894 4250 de
941 4185 1405 4251 Hawkeslawe
1454 4189 1524 4251 et
1568 4184 2075 4269 Westchirtone,
2118 4185 2537 4274 habeantque
2583 4187 2663 4254 de
2698 4187 2838 4273 ,hiis

731 4293 764 4322 “
810 4287 1137 4364 dominiis,
1196 4287 1308 4352 vel
1351 4287 1434 4351 de
1491 4286 1656 4367 aliis,
1706 4286 1763 4351 si
1809 4285 1952 4353 haec
1999 4286 2329 4369 deficiant,
2373 4294 2601 4355 tantas
2644 4310 2836 4376 pecu-

731 4393 768 4423 “
813 4387 957 4453 nias
987 4388 1083 4453 eis
1111 4387 1451 4468 limitatas,
1485 4392 1755 4475 quantas
1800 4388 2092 4456 sufficere
2122 4389 2533 4457 videbuntur
2561 4410 2839 4457 numero

1232 4624 1249 4661 ¹
1273 4625 1361 4685 Or,
1384 4624 1616 4692 perhaps,
1630 4626 1859 4692 possim
1884 4627 2103 4692 poterint
2123 4626 2178 4679 in
2200 4627 2315 4681 MS.
