3467 5717
1290 867 1539 921 samm
1582 867 1858 919 amm.
2508 855 2638 921 283

538 1069 576 1100 “
624 1069 739 1131 tur
801 1063 986 1143 alias,
1034 1061 1195 1129 dum
1256 1059 1381 1126 loci
1447 1058 1844 1147 praepositus
1909 1059 2287 1146 hujusmodi
2348 1058 2641 1126 subierat
2667 1092 2762 1128 ω.
2781 1086 2896 1133 1429.
2913 1085 2978 1129 so.

531 1175 566 1202 “
612 1188 814 1231 onera
856 1162 1309 1252 reparationis,

624 1273 665 1309 ‘⁶
690 1267 1094 1334 Ordinamus
1156 1267 1429 1353 insuper
1492 1264 1714 1342 tertie,
1759 1285 1837 1329 ac
1897 1264 2271 1343 statuimus,
2317 1286 2437 1352 pro
2496 1265 2640 1351 lege

540 1376 574 1408 “
621 1377 946 1458 perpetua
989 1370 1062 1433 in
1108 1369 1354 1447 sutum,
1402 1372 1484 1433 ut
1529 1372 1817 1452 quatuor
1876 1386 2188 1452 ceparum
2233 1374 2448 1448 sectae,
2481 1390 2644 1454 quas

540 1479 576 1510 “
622 1494 837 1560 nuper
882 1473 963 1536 de
984 1471 1160 1536 ‘albo
1205 1475 1276 1535 et
1319 1469 1560 1548 blodi0‚
1595 1468 1799 1532 viridi
1843 1472 1911 1532 et
1941 1468 2168 1550 rubeo,
2201 1469 2290 1534 ad
2332 1469 2644 1534 honorem

541 1581 576 1611 “
624 1576 748 1640 Dei
821 1574 1365 1657 honestatemque
1443 1569 1773 1650 Ecclesiae,
1842 1591 2192 1657 parumper
2265 1577 2645 1658 sumptuose

540 1687 573 1712 “
620 1676 1000 1762 incepimus,
1028 1673 1454 1761 perficiantur
1480 1693 1790 1759 processu
1821 1672 2138 1759 temporis
2167 1671 2190 1711 ¹
2209 1673 2278 1737 in
2307 1679 2642 1760 posterum

543 1786 581 1814 “
624 1799 828 1865 usque
871 1777 944 1842 in
987 1796 1336 1841 numerum
1381 1796 1500 1861 pro
1544 1774 1896 1840 Conventu
1944 1795 2309 1863 congruum
2354 1782 2423 1842 et
2466 1775 2642 1841 suffi-

544 1888 579 1918 “
625 1881 929 1957 cientem,
958 1882 1489 1963 renoventurque
1525 1877 2097 1963 quotienscunque
2127 1883 2276 1964 post
2319 1876 2644 1944 facturam

542 1991 575 2018 “
619 1982 1032 2048 videbuntur
1059 1979 1514 2047 renovationis
1543 1979 1835 2044 remedio
1880 1976 1907 2017 ²
1928 1978 2242 2065 indigere.
2333 1980 2426 2045 Et
2470 1981 2647 2046 simi-

546 2092 582 2121 “
626 2086 756 2150 lem
800 2085 1035 2171 legem,
1067 2088 1210 2149 tam
1255 2081 1343 2146 ad
1372 2081 1877 2148 renovationem
1922 2103 2122 2167 quam
2171 2083 2258 2147 ad
2287 2084 2647 2169 reparatio-

548 2194 583 2225 “
628 2209 800 2268 nem,
833 2185 1114 2253 extendi
1162 2185 1470 2251 volumus
1518 2184 1605 2249 ad
1655 2185 1965 2272 exiguam
2008 2184 2192 2249 illam
2222 2185 2645 2272 Capellulam‚

545 2296 584 2326 “
630 2312 831 2377 quam
878 2310 1091 2376 nuper
1138 2288 1613 2355 {edificavimus
1661 2309 1749 2352 ex
1798 2291 1988 2373 parte
2017 2286 2317 2352 Australi
2367 2290 2648 2355 ecclesiae

545 2398 582 2428 ‘⁶
627 2414 786 2479 erga
843 2391 1174 2468 feretrum,
1223 2390 1310 2455 ad
1369 2389 1763 2475 singulaque
1821 2390 2202 2469 necessaria,
2250 2390 2392 2455 sive
2452 2392 2649 2470 intra,

547 2503 579 2530 “
625 2495 768 2561 sive
820 2499 1033 2574 extra,
1065 2491 1472 2579 pertinentia
1516 2491 1602 2555 ad
1655 2490 1973 2570 eandem3
2027 2513 2282 2556 necnon
2314 2492 2398 2557 ad
2428 2494 2651 2559 omnia

550 2602 588 2632 “
634 2617 793 2661 vasa
835 2594 986 2676 alia,
1031 2595 1172 2660 sive
1230 2614 1449 2672 aurea,
1494 2591 1637 2659 sive
1696 2598 2028 2679 argentea,
2076 2615 2224 2679 quse
2271 2596 2342 2658 in
2387 2594 2651 2660 ecclesia

548 2704 585 2734 “
631 2697 738 2763 vel
788 2696 944 2762 alibi
995 2695 1083 2761 ad
1129 2716 1319 2762 usum
1352 2695 1741 2763 Conventus
1786 2696 2031 2761 nostris
2075 2697 2347 2761 fecimus
2393 2701 2650 2784 tempo·

553 2807 585 2837 “
632 2800 815 2866 ribus
858 2799 1166 2885 reparari.

639 2909 677 2939 “
708 2902 1110 2968 Ordinamus
1157 2900 1385 2985 itaque
1439 2906 1693 2985 quarm,
1746 2921 1822 2965 ac
1872 2901 2301 2987 injungimus,
2347 2923 2468 2989 pro
2513 2904 2646 2969 ritu

551 3011 587 3040 “
633 3001 659 3043 ⁸
675 3005 747 3069 in
793 3009 1129 3090 posterum
1186 3002 1260 3066 in
1310 3007 1702 3090 perpetuum
1751 3002 2218 3083 conservandO,
2248 3009 2329 3068 ut
2373 3005 2653 3091 singulis

555 3113 591 3143 “
638 3105 829 3170 annis
889 3127 1047 3191 erga
1095 3105 1368 3169 Festum
1429 3104 1739 3169 salutaris
1783 3104 2048 3182 viatici,
2094 3105 2264 3169 fiant
2321 3126 2440 3192 per
2483 3128 2654 3194 saepe

556 3214 593 3245 “
636 3207 1053 3274 nominatum
1084 3205 1483 3292 Magistrum
1514 3205 1862 3271 duodecim
1890 3206 2177 3271 minores
2205 3207 2470 3286 torticii,
2493 3230 2655 3294 quos

553 3316 591 3345 “
637 3311 709 3374 in
752 3308 882 3374 hiis
925 3307 1187 3375 festivis
1216 3307 1568 3389 solemniis,
1600 3308 1673 3372 in
1702 3308 2143 3374 reverentiam
2189 3313 2329 3374 tam
2376 3310 2653 3391 mirifici,

556 3420 592 3446 “
639 3416 910 3496 tamque
953 3409 1249 3492 salvifici,
1298 3409 1730 3490 Sacramenti,
1765 3409 2016 3478 deferre
2061 3411 2354 3477 habeant
2403 3433 2655 3498 proces-

556 3520 594 3549 “
639 3513 977 3580 sionaliter
1036 3511 1251 3578 nostri
1311 3513 1565 3580 fratres.
1657 3513 1862 3578 Fiant
1935 3514 2138 3579 etiam
2199 3536 2316 3601 per
2373 3516 2656 3580 eundem

557 3624 593 3651 “
640 3616 1035 3702 Magistrum
1079 3614 1278 3681 modo
1326 3614 1528 3680 simili
1573 3636 1729 3702 erga
1790 3615 2065 3682 Festum
2125 3616 2355 3682 Sancti
2407 3617 2653 3683 Albani

558 3725 595 3752 “
641 3717 988 3783 annuatim
1011 3717 1296 3783 totidem
1325 3710 1580 3785 torticii
1610 3717 1903 3804 majores,
1936 3739 2099 3803 quos
2128 3718 2202 3784 in
2233 3718 2488 3785 duobus
2519 3721 2658 3807 ejus

558 3826 595 3856 ‘⁸
640 3819 990 3901 solemniis,
1036 3819 1109 3885 in
1159 3819 1489 3905 Festoque
1536 3820 1908 3887 Dominicae
1940 3821 2381 3905 Ascensionis,
2417 3824 2658 3889 deferri

557 3930 592 3957 “
636 3921 837 3987 faciat
896 3927 1055 3988 ante
1114 3921 1447 4001 feretrum,
1497 3944 1615 4009 per
1681 3923 2042 3989 servientes
2101 3924 2315 3990 totius
2372 3927 2656 3991 ecclesiae

562 4030 597 4060 “
642 4024 1064 4090 honestiores.
1154 4024 1358 4089 Fiant
1415 4024 1689 4112 insuper
1747 4047 1865 4111 per
1924 4026 2206 4091 eundem
2265 4026 2659 4112 Magistrum

561 4134 595 4163 “
639 4127 834 4192 annis
894 4125 1174 4214 singulis
1246 4126 1590 4192 duodecim
1662 4127 1733 4191 in
1806 4148 2082 4192 numero
2152 4127 2339 4208 cerei,
2401 4128 2516 4213 qui
2577 4129 2661 4194 ob

562 4234 600 4263 “
642 4228 959 4294 honorem
1012 4228 1347 4293 Passionis
1402 4228 1771 4295 Dominicae
1801 4239 1978 4294 stare
2017 4228 2307 4295 habeant
2350 4230 2520 4296 circa
2562 4253 2663 4297 se-

556 4334 593 4365 “
642 4330 994 4417 pulchrum
1040 4329 1335 4407 Domini,
1382 4329 1764 4416 ibidemque
1809 4331 2050 4397 ardere.

650 4450 687 4482 “
720 4445 1119 4511 Ordinamus
1166 4445 1445 4509 ulterius
1496 4445 1754 4531 quinto,
1806 4468 1883 4511 ac
1930 4446 2287 4512 statuimus
2337 4448 2663 4516 irrevoca-

565 4551 600 4580 “
646 4546 893 4624 biliter,
942 4546 1067 4613 sub
1121 4546 1243 4613 hoc
1303 4551 1546 4614 nostrae
1600 4548 1970 4613 voluntatis
2022 4549 2286 4636 scriptO,
2345 4556 2426 4616 ut
2483 4554 2664 4618 omni

634 4755 649 4785 ¹
672 4752 977 4818 imposterum
1002 4753 1054 4803 in
1077 4752 1191 4805 MS.
1715 4752 1737 4787 ³
1760 4757 2066 4823 imposterum
2089 4721 2433 4830 imperpetuum
2456 4762 2510 4815 in
2534 4764 2650 4818 MS.

634 4832 657 4865 2
676 4831 949 4897 indiqerere
972 4832 1028 4882 in
1049 4830 1162 4884 MS.
