3467 5717
761 810 891 881 174
1427 818 1747 875 murs
1789 818 2212 875 normann

425 1009 731 1061 A.D.1422.
765 1014 803 1047 “
847 1009 921 1074 in
963 1030 1100 1096 qua
1143 1008 1357 1097 magis
1403 1015 1584 1074 nunc
1635 1030 1865 1075 sumus
1909 1031 2110 1096 quam
2155 1007 2533 1095 aliquandO,
2565 1011 2637 1076 et
2672 1009 2875 1075 etiam

764 1115 802 1148 “
846 1115 1119 1199 propter
1189 1111 1653 1178 necessitatem
1717 1129 2161 1200 expensarum
2233 1110 2478 1198 quibus
2539 1109 2568 1148 ¹
2587 1131 2877 1199 praesens

765 1218 804 1250 “
846 1214 1192 1301 negotium
1221 1213 1503 1301 indiget.
1592 1210 1618 1252 ²
1635 1212 1743 1279 De
1784 1213 1984 1282 modo
2012 1234 2191 1293 vero,
2205 1212 2568 1280 —dicimus
2594 1214 2879 1281 necessi-

767 1322 803 1353 “
847 1320 1060 1382 tatem
1104 1338 1244 1384 esse
1287 1337 1513 1383 omnes
1557 1314 2004 1383 sanctissimos
2064 1315 2478 1404 patriarchas
2535 1321 2606 1383 et
2647 1337 2875 1382 omnes

764 1427 799 1457 “
843 1419 1178 1507 episcopos
1244 1419 1746 1486 Provinciarum
1806 1423 2190 1486 nostrarum
2231 1416 2261 1459 ⁸
2279 1419 2612 1486 interesse.
2700 1418 2874 1485 Gon-

764 1526 803 1558 “
847 1522 986 1589 ciiii
1030 1525 1254 1589 autem
1297 1521 1682 1609 hujusmodi
1725 1542 2050 1609 expensas
2095 1521 2278 1589 omni
2321 1521 2664 1610 praeterito
2706 1524 2872 1588 tem-

767 1631 806 1661 “
850 1645 1008 1712 pore
1068 1625 1355 1692 faciebat
1420 1624 1792 1713 imperium,
1838 1646 2020 1691 nunc
2063 1629 2292 1692 autem
2334 1624 2651 1691 similiter
2703 1628 2873 1691 esset

766 1735 803 1764 “
847 1749 1026 1815 opus.
1116 1727 1485 1814 Imperium
1550 1749 1711 1794 vero
1777 1724 1808 1766 ⁴
1826 1748 1964 1794 non
2025 1731 2249 1814 potest
2313 1726 2450 1795 ullo
2494 1725 2709 1807 modo,
2751 1748 2873 1794 nec

765 1835 802 1866 “
845 1829 1233 1896 facultatem
1305 1828 1509 1896 habet
1582 1829 1669 1895 ad
1742 1828 1816 1894 id
1889 1828 2287 1898 faciendum.
2409 1829 2562 1911 Qua
2627 1828 2655 1868 ⁵
2675 1849 2872 1896 causa

763 1940 800 1968 “
845 1931 1285 1998 Sanctitatem
1347 1935 1641 1998 vestram
1715 1951 2043 2020 rogamus,
2105 1937 2186 1999 ut
2249 1930 2419 1998 circa
2489 1931 2661 1998 hanc
2728 1952 2872 1996 rem

766 2040 805 2070 “
852 2031 879 2072 ⁶
898 2033 1305 2121 provideatis
1346 2031 1761 2099 sufficienter.
1875 2034 1981 2100 De
2023 2039 2319 2121 tempore
2376 2037 2619 2112 autem,
2682 2037 2874 2120 opta-

766 2141 803 2172 “
846 2157 996 2200 mus
1039 2141 1110 2202 et
1152 2135 1616 2218 desideramus,
1659 2140 1742 2203 ut
1782 2135 2013 2203 taliter
2055 2140 2275 2202 essent
2317 2156 2437 2215 res,
2465 2134 2644 2223 quod
2671 2134 2874 2200 hodie

764 2243 803 2274 “
843 2237 971 2303 hoc
1014 2237 1320 2303 divinum
1351 2259 1515 2326 opus
1550 2237 1837 2317 unionis,
1882 2243 1954 2305 et
1997 2237 2192 2305 nobis
2235 2238 2573 2326 placitum,
2631 2236 2870 2325 princi-

767 2346 804 2377 “
847 2340 1035 2428 pium
1080 2341 1417 2429 acciperet,
1531 2340 1665 2408 Sed
1708 2338 1735 2382 ⁷
1757 2362 1908 2408 cum
1942 2339 2088 2427 jam
2132 2341 2312 2407 fiunt
2357 2341 2530 2408 circa
2585 2361 2708 2407 nos
2767 2361 2870 2407 res

768 2448 804 2477 “
848 2443 1036 2525 tales,
1077 2440 1103 2479 ⁸
1121 2442 1407 2530 [quales]
1452 2441 1629 2509 vidit
1671 2442 1808 2508 suis
1836 2442 2039 2509 oculis
2083 2440 2112 2480 ⁹
2129 2438 2485 2531 praedictus
2512 2442 2870 2526 Antonius,

767 2550 807 2581 ‘⁴
851 2542 905 2583 ¹⁰
920 2544 1100 2631 quod
1158 2545 1350 2631 quasi
1407 2544 1679 2632 penitus
1721 2542 1775 2584 ¹¹
1799 2545 2161 2612 destructio
2221 2542 2417 2613 nobis
2476 2542 2529 2583 ¹⁸
2543 2545 2870 2629 imminet,

767 2653 807 2684 “
851 2644 904 2685 1²
919 2653 989 2713 et
1014 2652 1175 2713 sunt
1202 2647 1329 2715 sub
1372 2647 1663 2735 periculo
1706 2647 1915 2735 gladii
1959 2652 2032 2714 et
2074 2646 2216 2714 haec
2259 2647 2496 2715 civitas
2537 2652 2608 2714 et
2648 2648 2874 2714 omnia

767 2754 802 2784 “
846 2755 1113 2831 nostra3
1177 2753 1247 2816 et
1291 2770 1429 2815 non
1459 2753 1562 2816 est
1591 2749 1903 2837 possibile
1946 2770 2343 2839 congregare
2388 2747 2443 2789 ¹²
2458 2769 2682 2817 omnes
2712 2750 2873 2837 Epi·

767 2855 803 2887 “
847 2872 1074 2939 scopos
1134 2851 1221 2917 ab
1287 2851 1469 2930 Asia,
1509 2873 1726 2939 neque
1793 2850 1880 2918 ab
1943 2851 2229 2940 Europa,
2272 2856 2541 2940 propter
2601 2873 2874 2939 guerras

767 2957 804 2989 ‘⁴
849 2953 1265 3035 infidelium3
1331 2952 1612 3021 dicimus
1679 2952 1875 3041 quod,
1923 2954 2066 3020 Deo
2131 2954 2332 3020 dante
2375 2975 2602 3041 paoem
2647 2960 2718 3021 et
2760 2955 2875 3020 fir-

766 3064 804 3093 “
847 3056 1154 3123 mitatem
1197 3055 1411 3136 rebus,
1456 3055 1688 3122 statim
1732 3056 2095 3123 scribemus
2136 3056 2343 3135 vobis,
2390 3060 2462 3123 et
2503 3056 2873 3145 apportatis

766 3164 805 3196 “
848 3159 1093 3225 nostris
1154 3159 1398 3225 litteris
1462 3159 1551 3225 ad
1592 3179 1732 3243 vos,
1777 3162 1848 3224 et
1900 3179 1988 3224 ex
2031 3158 2224 3226 vobis
2268 3159 2873 3227 Ambassiatoribus

766 3268 804 3298 “
848 3259 902 3299 ¹³
925 3260 1349 3328 venientibus
1395 3282 1548 3327 cum
1593 3261 1787 3330 exitu
1829 3266 1900 3328 et
1942 3258 2250 3348 expensis
2291 3260 2463 3328 circa
2496 3262 2873 3335 ,Concilium

767 3372 802 3401 “
846 3362 1183 3450 faciendis,
1230 3365 1317 3431 ab
1366 3364 1489 3429 illa
1550 3363 1658 3430 die
1719 3362 2083 3453 incipiente
2145 3361 2202 3403 ¹⁴¹
2216 3384 2295 3431 eo
2339 3384 2549 3452 usque
2591 3366 2680 3432 ad
2722 3365 2875 3431 fini·

770 3469 807 3502 “
852 3472 1001 3533 tum
1046 3488 1318 3550 annum,
1348 3471 1429 3534 ut
1461 3464 1834 3533 Concilium
1864 3465 2007 3537 fiat.
2095 3465 2346 3533 Verum
2387 3466 2514 3533 hoc
2553 3488 2873 3555 magnum

766 3571 805 3604 “
851 3569 1250 3635 desiderium
1295 3573 1365 3635 et
1409 3568 1815 3658 singularem
1859 3589 2151 3636 amorem
2197 3589 2391 3656 quem
2435 3569 2755 3635 habemus
2782 3568 2873 3634 ad

768 3673 806 3706 “
849 3670 987 3735 tale
1049 3670 1358 3737 divinum
1405 3692 1572 3758 opus
1615 3670 1904 3754 unionis,
1952 3671 2231 3737 dicimus
2294 3674 2367 3738 et
2407 3668 2461 3709 ¹⁵
2480 3670 2637 3755 haec,
2691 3670 2874 3758 quod

767 3775 805 3808 “
848 3771 1054 3839 etiam
1100 3772 1426 3840 existente
1469 3794 1707 3861 guerra
1748 3773 2134 3857 infidelium,
2180 3772 2239 3840 si
2284 3771 2620 3842 Sanctitas
2647 3778 2873 3841 vestra

833 4013 850 4047 ¹
873 4014 1033 4079 ipsum
1054 4012 1293 4079 ncyotz'um
1313 4012 1368 4063 in
1389 4012 1504 4064 MS.
1531 4036 1536 4041 ·
1928 4010 1950 4045 ⁹
1975 4009 2198 4063 Omitted
2221 4010 2277 4062 in
2300 4011 2388 4063 the
2414 4010 2653 4064 concilia.

832 4089 1772 4153 ²Demodomonmmitutemduci-
1929 4089 2536 4155 ¹⁰qniinthe00ncilia.

766 4169 1461 4234 masmaintheconcilia.
1930 4169 2556 4222 ”decb-actis...nobis
2585 4169 2869 4221 omnibusin

833 4250 857 4283 ⁸
878 4267 980 4301 esse
998 4249 1056 4300 in
1075 4249 1223 4312 ΜΒ.)
1259 4250 1516 4301 corrected
1534 4248 1668 4300 stom
1687 4248 1775 4300 the
1861 4249 1949 4301 the
1978 4248 2218 4301 concilia.

775 4327 1015 4382 concilia.
1932 4327 1973 4362 ¹²
1996 4327 2219 4381 Omitted
2239 4329 2294 4378 iu
2314 4327 2401 4381 the
2427 4327 2669 4380 concilia.

833 4411 854 4440 ⁴
876 4423 1005 4459 nunc
1026 4423 1123 4458 non
1143 4406 1200 4458 in
1219 4406 1308 4458 the
1335 4404 1576 4457 coucilia.
1929 4405 1971 4440 ¹³
1992 4408 2168 4459 vestris
2208 4407 2505 4461 amentibus
2536 4424 2662 4472 cnon,
2694 4408 2747 4458 in
2783 4407 2872 4460 the

836 4490 857 4520 ⁵
880 4488 942 4539 de
963 4503 1123 4539 cam
1143 4486 1198 4538 in
1278 4502 1306 4539 e
1334 4484 1575 4539 Concilio.
1655 4512 1658 4515 =
1873 4485 2115 4537 Cone-ilia.

836 4567 1196 4634 ‘provideatur
1289 4566 1377 4618 the
1403 4565 1643 4617 Concilia-
1934 4564 2872 4631 “reaequinufflcometedn-om

835 4645 985 4696 ‘feam
1008 4642 1561 4698 sintintheconciln'a.
1865 4644 1952 4696 the
1975 4644 2215 4696 Cone-iun.

836 4723 859 4756 ³
882 4723 1125 4789 Suppued
1141 4724 1274 4777 eom
1293 4725 1383 4778 the
1409 4722 1654 4778 οοκι-ειεα.
1936 4722 1977 4759 2⁵
1996 4722 2086 4774 hoc
2107 4722 2164 4775 in
2182 4724 2271 4776 the
2300 4723 2546 4778 eoncilia.
