3467 5717
885 783 1018 848 444
1672 794 2025 845 APPENDIX
2076 779 2203 866 (n).

973 983 1059 1049 In
1090 983 1222 1050 alia
1249 1005 1410 1050 vero
1446 982 1555 1049 ala
1584 981 1909 1064 Ecclesiae,
1940 1002 2171 1048 versus
2200 980 2547 1063 Aristium,
2579 1002 2666 1048 ex
2693 983 2998 1071 opposito

884 1087 1041 1154 ostii
1100 1086 1292 1175 parvi
1353 1086 1472 1173 qui
1538 1085 1727 1151 ducit
1795 1084 1881 1151 ad
1950 1084 2287 1171 Capellam
2352 1084 2631 1150 Domini
2690 1085 2994 1166 Abbaffis,

884 1210 1101 1255 coram
1160 1189 1357 1254 altari
1417 1189 1645 1254 Beatae
1690 1185 2011 1275 Virginis,
2049 1187 2231 1273 jacet
2300 1186 2637 1253 Galfridus
2691 1186 2989 1270 Stukele,

883 1292 1214 1378 quondam
1235 1290 1518 1381 armiger
1534 1290 1736 1379 Regis
1755 1289 2091 1371 Edwardi,
2112 1312 2153 1355 a
2172 1290 2576 1376 Conquaestu
2593 1289 2822 1371 Tertii,
2844 1313 2996 1356 cum

884 1395 1196 1473 cristina,
1226 1415 1432 1460 uxore
1461 1393 1773 1480 ejusdem,
1804 1392 1929 1459 sub
1958 1413 2093 1460 uno
2121 1391 2342 1480 lapide
2369 1412 2734 1458 marmoreo
2763 1413 2993 1459 eorum

882 1496 908 1536 ¹
925 1496 1327 1584 imaginibus
1354 1497 1685 1583 impresso.
1779 1493 2079 1575 Quorum
2109 1493 2430 1561 beneficia
2457 1501 2520 1560 et
2547 1501 2803 1565 ooetera.
2877 1496 2988 1562 Ad

881 1599 1066 1686 cujus
1110 1599 1327 1679 finem,
1359 1598 1627 1686 propius
1671 1596 1887 1675 altari,
1923 1596 2106 1683 jacet
2149 1596 2199 1662 J
2201 1595 2510 1679 ohannes,
2543 1617 2768 1663 eorum
2814 1598 2994 1665 filius

879 1699 1371 1788 primogenitam,
1401 1699 1709 1766 similiter
1752 1698 1876 1765 sub
1924 1699 2141 1788 lapide
2184 1720 2563 1779 marmoreo,
2595 1699 2739 1785 ejus
2783 1697 2812 1738 ²
2828 1700 2994 1766 ima-

878 1803 1033 1891 gine
1100 1802 1421 1869 decorato,
1531 1801 1823 1868 Inferius
1882 1802 2073 1868 vero
2109 1801 2376 1883 ibidem,
2442 1822 2667 1868 versus
2724 1824 2990 1868 murum

881 1904 1244 1971 Occiduum
1275 1903 1600 1984 Ecclesiae‚
1632 1903 1807 1978 circa
1850 1904 2162 1985 medium,
2194 1902 2320 1969 sub
2356 1902 2614 1969 duobus
2656 1903 2992 1991 lapidibus

880 2008 1258 2073 marmoreis
1328 2005 1750 2094 simplicibus,
1823 2005 2052 2092 jacent
2120 2005 2453 2072 Robertus
2521 2005 2845 2092 Ohyvalle
2920 2013 2993 2073 et

878 2110 926 2176 J
931 2109 1222 2175 ohannes
1277 2107 1618 2195 Chyvalle,
1666 2108 1937 2194 cognati
1982 2107 2294 2194 ejusdem,
2340 2107 2607 2194 utrique
2654 2108 2986 2195 Armigeri

878 2210 1169 2277 Abbatis
1233 2209 1641 2288 Monasterii,
1686 2214 1758 2275 et
1825 2209 2141 2276 Edwardi
2204 2209 2422 2298 Regis,
2481 2231 2525 2275 a.
2584 2208 2994 2296 Conquaestu

879 2313 1105 2379 Tertii.

969 2414 1416 2481 Intermedius
1482 2419 1707 2480 autem
1764 2412 1947 2500 jacet·
2010 2414 2402 2503 Radulphus
2444 2414 2528 2481 de
2573 2415 2759 2494 Veer,
2803 2437 2988 2501 puer,

877 2517 1157 2583 Roberti
1199 2516 1377 2582 filius
1407 2514 1491 2583 de
1522 2514 1714 2599 Veer,
1747 2516 1883 2582 solo
1913 2515 2294 2602 pavimento
2338 2523 2701 2603 ooopertus·
2798 2518 2992 2585 Inter

875 2620 1347 2685 ferramentum
1380 2618 1740 2704 Capellulae
1781 2618 2046 2684 Sanctae
2081 2617 2327 2699 Mariae,
2373 2620 2462 2684 ad
2503 2620 2874 2686 columnam
2916 2625 2991 2686 et

875 2741 1158 2800 murum,
1210 2719 1392 2805 jacet
1455 2717 1784 2786 Dominus
1844 2719 1892 2785 J
1893 2718 2188 2786 ohannes
2264 2720 2588 2802 Roulond,
2650 2722 2986 2808 quondam

734 2883 757 2898 κ
866 2823 1043 2911 juris
1089 2821 1353 2910 Angliae
1400 2821 1850 2909 apprenticius
1906 2822 2297 2909 praecipuuS,
2343 2827 2423 2888 ut
2463 2828 2693 2909 postea
2739 2824 2994 2889 Rector

876 2926 960 2991 de
1003 2924 1462 3012 Todyngtone,
1497 2922 1970 3012 Stephenache‚
2018 2930 2087 2990 et
2131 2924 2528 3005 Walsokne3
2570 2924 2768 3011 hujus
2815 2947 2988 3012 quo-

877 3049 1007 3114 que
1050 3027 1327 3093 scientia
1368 3031 1438 3093 et
1483 3026 1787 3093 doctrina
1834 3025 2151 3113 plurimos
2213 3027 2288 3092 in
2353 3026 2861 3094 necessitatibus
2917 3032 2991 3094 et

864 3129 1038 3217 juris
1083 3128 1390 3217 periculis
1433 3128 1708 3194 eruebat
1752 3150 1795 3193 a
1837 3128 2050 3195 ruina.
2991 3134 3004 3138 “

965 3229 993 3270 ⁸
1021 3232 1238 3298 Juxta
1312 3229 1607 3296 medium
1683 3229 1930 3296 ostium
2007 3229 2252 3296 ducens
2330 3252 2564 3297 versus
2643 3229 2985 3320 Capellam

875 3334 1106 3401 Sancti
1136 3333 1444 3415 Andreae,
1479 3354 1695 3398 coram
1727 3330 1754 3371 ²
1772 3331 2061 3419 imagine
2092 3332 2324 3399 Sancti
2358 3333 2647 3413 Ricardi‚
2676 3334 2987 3422 Episcopi

873 3435 1226 3518 Oicestriae,
1263 3435 1444 3523 jacet
1476 3433 1849 3501 Willelmus
1878 3433 2310 3521 Wyghtman,
2343 3434 2650 3519 scutifer,
2681 3441 2750 3502 et
2794 3458 2986 3503 cocus

874 3538 1136 3625 Regum
1182 3537 1460 3603 Hem-ici
1505 3536 1747 3617 Quinti
1792 3541 1863 3602 et
1907 3536 2116 3618 Sexti,
2163 3538 2498 3606 humatua

958 3639 987 3679 ⁴
1004 3640 1215 3725 Prope
1258 3640 1463 3704 finem
1509 3638 1536 3677 ⁶
1556 3639 1904 3705 marmorei
1964 3638 2204 3726 lapidis
2246 3640 2610 3729 sepulturae
2652 3642 2702 3708 J
2705 3641 2985 3709 ohannis

870 3741 1159 3807 Bretone
1205 3740 1537 3807 tumulata
1580 3747 1679 3807 est
1725 3762 1897 3806 uxor
1940 3740 1988 3806 J
1992 3741 2272 3808 ohannis
2316 3742 2684 3826 Hastelere,
2726 3750 2796 3809 et
2843 3745 2981 3809 Ka-

867 3843 1102 3922 terina,
1168 3842 1308 3908 filia
1354 3842 1540 3930 ejus;
1606 3864 1758 3928 quae
1810 3843 2242 3909 contulerunt
2306 3844 2585 3912 cuilibet
2656 3846 2980 3914 monacho

871 3944 1258 4012 Monasterii
1303 3944 1649 4012 duodecim
1696 3944 2018 4011 denarios.

952 4046 981 4087 θ
1004 4047 1129 4115 Est
1172 4047 1421 4113 ibidem
1467 4046 1736 4134 Capella
1765 4046 2027 4113 Sanctae
2059 4046 2308 4128 Mariae,
2332 4048 2628 4137 Virginis
2657 4048 2980 4138 gloriosae,

935 4318 950 4351 ¹
969 4316 1278 4383 ymaqinibus
1298 4316 1353 4367 in
1375 4316 1491 4368 MS.
2030 4319 2050 4348 ⁴
2068 4317 2193 4369 This
2210 4319 2320 4370 also
2338 4318 2381 4370 is
2395 4318 2552 4384 given
2565 4319 2621 4370 in
2636 4320 2816 4372 afresh
2827 4322 2983 4374 hand.

929 4397 949 4427 ⁸
966 4397 1186 4464 ymagine
1207 4396 1261 4446 in
1282 4395 1395 4446 MS.
2027 4396 2049 4429 ⁵
2073 4397 2278 4463 Faintly
2301 4399 2523 4449 inserted
2545 4401 2708 4450 above
2732 4400 2818 4452 the
2838 4402 2958 4453 line.

929 4474 952 4508 ³
973 4475 1195 4526 Written
1234 4473 1286 4524 in
1326 4473 1539 4524 another
1583 4473 1736 4535 hand,
1782 4473 1871 4524 fol.
2029 4474 2049 4507 ⁶
2073 4476 2200 4527 This
2236 4476 2279 4527 is
2301 4476 2497 4528 written
2521 4477 2576 4528 in
2598 4479 2812 4530 another
2842 4480 2984 4531 hand

869 4559 963 4606 134
985 4556 1035 4606 b.
1092 4554 1205 4605 The
1226 4555 1393 4604 words
1414 4556 1445 4582 “
1464 4560 1611 4603 antea
1650 4552 1873 4603 scribun-
1966 4554 2080 4618 (fol.
2104 4560 2198 4605 135
2218 4558 2296 4620 a),
2312 4558 2411 4607 and
2427 4556 2515 4608 the
2533 4558 2729 4624 subject
2749 4558 2793 4609 is
2813 4574 2980 4612 some-

865 4642 946 4685 ταν
959 4634 990 4661 ”
1005 4648 1091 4686 are
1112 4631 1309 4684 written
1323 4633 1377 4683 in
1392 4634 1481 4684 the
1501 4631 1702 4699 margin
1729 4652 1744 4694 ς
1779 4633 1872 4683 but
1963 4635 2102 4688 what
2122 4633 2368 4701 changed.

862 4727 946 4782 qy.
969 4727 1024 4764 as
1045 4717 1100 4765 to
1121 4711 1251 4766 their
1272 4718 1602 4765 correctness.
