3467 5717
417 1265 677 1323 A.1>.l431,
679 1263 725 1311 2.

417 1477 694 1528 Visimtion

417 1545 475 1594 of
492 1545 576 1595 the
594 1545 720 1595 Dio-

416 1626 526 1661 cese
549 1612 619 1676 by

419 1677 640 1728 william

417 1743 705 1805 Alnewike‚

418 1809 606 1874 Bishop
629 1811 691 1859 of

417 1875 672 1927 Nol-vich.

418 2495 530 2547 Tine
550 2497 701 2547 Prior

417 2564 516 2612 and
541 2563 677 2615 Con-

416 2636 537 2679 vent
559 2630 619 2679 of

417 2695 655 2759 Bynham

414 2776 500 2811 are
520 2777 575 2810 m

417 2828 574 2877 alam
596 2827 675 2878 for

415 2891 548 2943 their
568 2895 669 2959 pri-

416 2960 621 3026 vileges.

416 3921 562 4000 They
588 3921 718 3986 keep

416 3988 598 4040 within

755 820 888 884 300
1409 830 1725 882 Annum
1769 814 2197 881 uomsrsuu

1357 1105 1539 1171 Acta
1580 1103 1798 1171 Anni
1844 1103 2265 1172 Duodea-buzi.

783 1244 1138 1310 Processu&
1187 1240 1484 1329 mandis
1529 1248 1589 1307 et
1635 1240 1958 1307 solemnis
2000 1240 2089 1307 in
2140 1262 2351 1308 cauea
2406 1240 2837 1310 Collectiom's

1613 1342 2004 1409 Decwnalis.

846 1456 1184 1545 ¹Vespere
1248 1461 1473 1523 autem
1537 1453 1888 1521 Sabbati²
1909 1455 2027 1542 qui
2086 1455 2455 1523 lucescebat
2513 1457 2586 1522 in
2639 1457 2853 1544 primo

756 1560 1048 1626 Sabbato
1092 1561 1253 1625 anni
1305 1559 1715 1646 praelationis
1777 1558 1940 1623 dieti
1985 1557 2272 1623 Abbatis
2318 1558 2628 1640 duodeni,
2675 1561 2866 1625 venit

755 1685 888 1727 non
934 1664 1200 1749 quidem
1245 1660 1272 1701 ³
1292 1663 1507 1727 Maria
1549 1661 1958 1748 Magdalene‚
2006 1665 2127 1726 aut
2173 1661 2390 1726 Maria
2433 1661 2712 1743 Salome,
2744 1669 2864 1728 aut

755 1765 1007 1850 quaevis
1047 1766 1255 1829 Maria
1283 1765 1514 1845 altera,
1546 1764 1772 1829 videre
1806 1763 2077 1828 Domini
2111 1764 2523 1850 sepulchrum
2553 1790 2569 1846 ;
2615 1764 2862 1831 ⁴immo

754 1869 993 1947 verina,
1038 1869 1354 1954 magister
1398 1888 1679 1953 magnus
1725 1871 1796 1931 et
1858 1867 2337 1953 magnanimus,
2372 1867 2714 1954 Magister,
2762 1869 2863 1933 vi-

755 1969 1012 2050 delicet,
1078 1968 1451 2035 willelmus
1518 1968 1887 2048 Alnewike,
1951 1968 2311 2055 Episcopus
2376 1969 2444 2033 N
2446 1971 2863 2056 orwycensis,

756 2072 841 2137 ad
879 2072 1293 2137 visitandum
1338 2092 1525 2136 suam
1571 2069 1990 2149 ⁵Dioecesim,
2038 2071 2124 2135 ad
2152 2071 2649 2159 videndumque
2679 2074 2734 2138 si
2765 2072 2858 2138 hii

756 2176 873 2260 qui
919 2174 1199 2261 peccatis
1244 2171 1498 2238 mortui
1556 2172 1843 2250 fuerant,
1889 2174 2131 2238 iterum
2192 2173 2279 2238 ad
2340 2173 2554 2239 vitam
2614 2175 2863 2241 vellent

755 2298 1106 2364 resurgere,
1160 2296 1514 2363 rursusque
1566 2275 1961 2341 reviviscere
2025 2296 2146 2363 per
2208 2297 2393 2340 suam
2458 2276 2857 2343 ordinariam

755 2378 1226 2444 visitationem.

826 2481 932 2544 ‘In
978 2481 1164 2566 cujus
1207 2479 1616 2545 visitationis
1661 2500 2025 2565 progressu,
2072 2502 2219 2545 cum
2267 2480 2680 2566 contingeret
2725 2481 2862 2546 dic-

756 2586 922 2662 tum,
990 2582 1351 2647 Praesulem
1406 2581 1799 2647 descendere
1858 2581 1944 2645 ad
2003 2586 2242 2669 partes,
2303 2583 2857 2671 appropinquare-

753 2705 882 2770 que
925 2684 1012 2749 ad
1058 2684 1377 2749 terminos
1408 2685 1703 2771 exempti
1750 2682 2089 2750 Prioratus
2134 2685 2216 2749 de
2257 2684 2583 2772 Bynham‚
2615 2686 2855 2767 subito,

754 2784 886 2851 acsi
931 2786 1166 2851 fuisset
1211 2785 1423 2851 factus
1480 2790 1942 2865 terrae-motuS,
1987 2783 2015 2825 θ
2033 2787 2337 2852 exterriti
2361 2787 2658 2854 -fuerunt
2719 2794 2856 2854 tam

700 2902 706 2908 '
755 2888 943 2955 Prior
986 2910 1187 2975 quam
1233 2887 1631 2967 Conventus,
1684 2910 1803 2976 pro
1857 2910 1933 2953 eo
1993 2889 2173 2974 quod
2223 2888 2571 2955 eredebant
2629 2890 2852 2954 virum

752 2991 954 3056 talem
1001 2991 1086 3057 ad
1132 2994 1354 3078 partes
1398 2991 1723 3069 accedere,
1754 2990 1869 3075 qui
1915 2995 2136 3077 posset
2168 2991 2486 3078 templum
2517 2991 2855 3058 destruere

751 3099 1229 3182 exemptorum,
1276 3098 1347 3159 et
1391 3093 1464 3157 in
1509 3091 1772 3158 ''tx-ibus
1818 3090 2054 3158 diebus
2107 3092 2274 3157 illud
2327 3093 2570 3159 iterum
2626 3094 2858 3160 reaedi-

751 3197 964 3263 ficare.
1061 3195 1230 3261 Erat
1298 3194 1541 3281 quippe
1609 3194 1862 3260 Praesul
1930 3216 2212 3281 magnus
2281 3195 2495 3278 valde,
2559 3217 2857 3283 magum,

750 3298 1077 3380 videlicet,
1125 3319 1273 3362 cum
1323 3295 1524 3384 Rege,
1581 3296 1741 3382 quia
1804 3295 2166 3377 Confessor,
2230 3302 2299 3362 et
2363 3297 2503 3382 ejus
2562 3298 2861 3364 concilia-

751 3402 928 3482 rius;
993 3421 1274 3487 magnus
1335 3398 1538 3465 etiam
1599 3420 1750 3464 cum
1810 3397 2015 3485 plebe,
2064 3399 2218 3485 quia
2262 3405 2492 3486 pastor
2535 3400 2735 3478 illius,
2792 3406 2860 3466 et

753 3502 1186 3582 ordinarius3
1230 3522 1509 3587 magnus
1553 3500 1821 3587 insuper
1865 3522 2013 3565 cum
2060 3500 2364 3566 omnibus
2407 3502 2596 3589 regni
2640 3523 2860 3588 proee-

749 3604 951 3682 ribus,
997 3604 1153 3688 quia
1202 3602 1471 3679 (ludum,
1520 3601 1680 3667 dum
1746 3601 1987 3670 Custos
2049 3601 2311 3668 Privati
2356 3602 2576 3690 Sigilli
2619 3604 2857 3683 fuerat,

754 3709 898 3771 erat
960 3703 1119 3791 ipsis
1190 3702 1566 3783 benevolus
1639 3705 2131 3791 maximamque
2190 3704 2721 3772 benevolentiam
2785 3707 2858 3771 in

756 3807 966 3874 officio
1012 3806 1383 3872 exhibebat.

849 3910 1004 3976 Hiis
1047 3909 1254 3996 igitur
1297 3930 1382 3974 ex
1426 3907 1637 3973 causis
1666 3905 2021 3975 “exterriti
2052 3907 2494 3988 vehementer,
2541 3910 2732 3976 Prior
2790 3914 2857 3977 et

414 4054 547 4106 their
567 4056 730 4120 walls
756 4013 1140 4080 Conventus
1201 4014 1629 4077 retraxerunt
1695 4032 1765 4076 se
1831 4011 2008 4076 infra
2071 4033 2258 4077 suam
2321 4011 2672 4091 ecclesiam,
2739 4035 2856 4080 nec

419 4124 517 4172 and
539 4123 680 4173 shew

417 4188 505 4238 the
537 4188 729 4254 Bishop

417 4254 677 4305 nomarks

755 4116 1051 4197 Praesuli,
1101 4115 1185 4180 ad
1248 4118 1469 4201 partes
1513 4111 1829 4192 venienti,
1880 4112 2192 4178 exhibere
2254 4114 2611 4180 voluerunt
2671 4137 2856 4181 reve-

416 4320 698 4386 ofreepeet,
760 4382 761 4385 ,

751 4219 1034 4284 rentiam
1097 4215 1469 4302 aliqualem
1562 4213 1757 4294 Quod
1820 4212 2055 4279 villani
2117 4215 2558 4298 advertentes,
2610 4217 2862 4283 intelli-

819 4454 835 4488 ¹
860 4455 1129 4507 Processu:
1180 4452 1391 4521 grandis
1432 4460 1480 4505 et
1530 4451 1755 4504 solemnis
1916 4454 1936 4484 ⁴
1951 4469 2108 4520 ymmo
2129 4453 2184 4505 in
2207 4455 2325 4507 MS.

751 4538 804 4588 in
843 4551 1000 4586 causa
1044 4533 1358 4587 collectionis
1395 4530 1758 4585 Dec-inalta—
1912 4533 1934 4567 ⁶
1959 4533 2207 4585 Diae-esim
2227 4534 2281 4584 in
2303 4534 2419 4587 MS.

751 4613 1157 4680 superscription
1178 4620 1232 4664 to
1252 4610 1401 4662 folios
1426 4616 1675 4663 88-108a.
1914 4611 1936 4645 ⁶
1958 4614 2155 4662 exteri&
2176 4612 2230 4662 in
2251 4613 2367 4665 MS.

817 4694 840 4727 ²
860 4709 969 4758 qua·
990 4692 1044 4742 in
1066 4690 1201 4744 MS.'
1910 4690 1935 4730 ⁷
1957 4691 2051 4745 See
2073 4691 2320 4742 Matthew
2339 4691 2482 4745 xxvi.
2506 4697 2587 4744 61.

818 4773 839 4803 ⁸
861 4771 923 4823 In
944 4769 1158 4823 allusion
1180 4776 1235 4822 to
1258 4769 1410 4822 Marte
1431 4769 1536 4823 xvi.
1567 4775 1610 4822 ι.

3447 1030 3456 1213 -ι-ι--ι
3449 896 3452 995 ΕΑ
