3467 5717
783 790 870 855 94·
1450 802 1765 855 ANNALss
1807 801 2238 854 noueram}

449 1000 756 1058 an.1421‚2.
785 998 819 1026 “

866 991 1116 1057 totiens
1167 990 1493 1078 lacrymas
1543 991 1902 1073 fundimus,
1933 991 2242 1079 quotiens
2280 991 2661 1059 memoriter
2687 991 2886 1060 recol-

784 1099 821 1129 “
867 1093 1154 1181 ligimuS,
1226 1094 1557 1180 quomodo
1640 1100 1912 1181 propter
1985 1093 2193 1160 1ollas
2261 1094 2560 1161 carnium
2637 1116 2886 1160 manna

787 1206 819 1231 “
865 1217 1206 1283 spreveras
1268 1196 1654 1283 angelicum,
1715 1196 2130 1283 qualiterque
2196 1197 2527 1264 libertatis
2584 1197 2883 1279 libidine,

786 1306 823 1335 “
868 1299 1363 1387 voluptatisque
1411 1299 1729 1386 ingluvie,
1763 1322 1804 1364 a
1857 1299 2147 1365 Domino
2199 1299 2340 1365 Deo
2392 1321 2764 1381 recesseras,
2807 1322 2888 1367 ac

785 1410 818 1436 “
866 1406 1352 1489 contempseras
1382 1402 1672 1467 salutare
1723 1407 1936 1467 tuum.
2025 1401 2213 1467 Alias
2260 1401 2510 1489 utique,
2544 1402 2602 1468 si
2631 1422 2769 1467 non
2799 1424 2882 1467 ex

788 1511 823 1541 “
868 1505 1061 1590 adipe
1090 1504 1231 1570 haec
1278 1502 1575 1589 prodiret
1624 1503 1963 1589 iniquitas,
1996 1525 2164 1589 quae,
2218 1503 2292 1569 in
2331 1504 2642 1570 affectum
2669 1503 2884 1570 cordis

784 1614 820 1644 “
865 1608 1208 1685 transiens,
1242 1606 1371 1672 sibi
1412 1605 1780 1673 occasiones
1825 1606 2197 1692 quaesierat,
2246 1612 2318 1673 et
2368 1628 2612 1688 causaS‚
2642 1607 2882 1689 quibus

786 1717 818 1746 “
864 1709 1008 1788 tibi,
1042 1708 1517 1776 dominationis
1568 1708 1847 1787 intuitu,
1880 1707 2280 1775 indulsimus
2328 1708 2666 1776 licentiam
2707 1730 2882 1776 com-

789 1822 818 1848 “
866 1813 1217 1900 migrandi,
1244 1811 1619 1898 factumque
1668 1817 1737 1878 et
1789 1811 2022 1878 fictum
2075 1812 2545 1879 sustineremus
2590 1812 2886 1899 aequani-

784 1923 820 1952 “
864 1916 1078 1995 miter,
1129 1919 1394 2001 tuaeque
1443 1936 1740 2002 personae
1785 1913 2094 2001 perditio,
2126 1913 2479 1981 dummodo
2526 1912 2554 1954 ²
2574 1914 2885 1981 canonica

787 2025 823 2054 “
868 2024 1039 2085 esset
1086 2019 1414 2105 migratio,
1445 2017 1699 2083 nullam
1740 2016 1849 2083 vel
1897 2017 2241 2084 minimam
2283 2018 2474 2084 nobis
2520 2018 2883 2105 porrigeret

788 2130 819 2159 “
865 2122 1211 2188 materiam
1285 2120 1713 2208 lacrymandi.
1841 2120 2184 2202 Quaenam,
2246 2119 2364 2202 fili,
2424 2120 2522 2185 ibi
2580 2118 2881 2185 invenire

786 2232 823 2258 “
864 2224 1224 2312 poterimus
1263 2223 1704 2309 lacrymarum
1755 2222 2035 2302 lavacra,
2066 2221 2188 2288 ubi
2228 2244 2270 2287 a
2316 2222 2586 2310 stupido
2614 2241 2881 2307 corpore

788 2332 823 2362 “
869 2327 1211 2414 putridum
1270 2327 1641 2393 membrum
1701 2325 2226 2415 praescinditur?
2297 2324 2442 2391 Aut
2501 2323 2728 2410 qualia
2785 2323 2880 2388 ibi

788 2436 822 2466 “
868 2434 1134 2516 gustare
1186 2428 1552 2496 valebimus
1600 2428 2033 2517 suspiriorum
2075 2428 2336 2507 fercula,
2365 2426 2483 2492 ubi
2512 2448 2555 2491 a
2583 2425 2879 2492 cicatrice

784 2541 816 2570 “
863 2533 1146 2599 defluxit
1197 2534 1427 2614 sanies,
1457 2537 1768 2620 totusque
1815 2554 1933 2620 per
1984 2537 2178 2599 tuum
2213 2554 2255 2598 a
2306 2531 2498 2597 nobis
2557 2550 2880 2595 recessum

786 2644 821 2671 “
868 2636 1106 2701 noxius
1157 2635 1395 2702 humor
1439 2635 1820 2717 attrahitur,
1850 2639 1920 2701 et
1969 2640 2070 2702 est
2112 2634 2256 2723 jam
2286 2634 2533 2720 ubique
2562 2633 2636 2699 in
2663 2634 2881 2722 gregis

780 2746 819 2772 “
864 2759 1131 2824 corpore
1175 2738 1350 2804 salus
1393 2738 1655 2825 integra
1697 2760 1774 2804 ac
1817 2737 2104 2826 perfecta
2148 2738 2377 2824 quies?

875 2846 913 2876 “
943 2840 1151 2906 Plano
1180 2839 1388 2928 igitur
1429 2839 1782 2907 locutionis
1826 2841 2173 2921 schemate,
2203 2839 2319 2919 fili,
2352 2838 2723 2927 intelligere
2765 2859 2881 2906 vo-

783 2949 815 2977 “
861 2942 1097 3021 lumuS,
1125 2964 1247 3008 nos
1293 2965 1430 3009 non
1473 2941 1622 3008 ideo
1667 2947 1737 3008 te
1782 2942 2094 3030 plangere
2139 2941 2298 3027 quia
2341 2947 2411 3008 te
2456 2940 2879 3029 perdidimus,

783 3052 819 3080 “
865 3045 1067 3110 immo
1143 3045 1302 3132 quia
1371 3049 1470 3125 tu,
1533 3043 1648 3131 qui
1714 3044 1992 3111 levitate
2058 3044 2318 3132 regeris,
2387 3044 2504 3131 qui
2569 3043 2882 3109 fatuitate

784 3153 818 3183 “
864 3149 1136 3229 duceriS,
1181 3148 1441 3235 quique,
1486 3169 1600 3234 spe
1645 3147 1952 3215 seductus
1995 3146 2200 3226 inani,
2230 3146 2314 3212 ad
2355 3147 2595 3212 altiora
2638 3146 2886 3233 aspiras

785 3260 817 3285 “
862 3251 1142 3317 forsitan
1187 3273 1385 3339 quam
1431 3250 1726 3338 accipies,
1770 3254 1965 3316 tuum
2023 3254 2163 3316 tam
2223 3271 2463 3315 nomen
2506 3248 2885 3336 perdideras

783 3359 819 3387 “
863 3376 1062 3440 quam
1081 3375 1276 3421 omen
1304 3377 1320 3435 3
1349 3352 1653 3440 quodque
1685 3351 1971 3438 amplius
1999 3356 2117 3431 est,
2136 3350 2417 3418 coelestis
2445 3350 2673 3438 gloriae
2689 3351 2882 3417 bene-

785 3463 823 3491 “
869 3457 1093 3523 ficium
1139 3459 1627 3542 consequenter,
1673 3458 1873 3542 prout
1925 3453 2256 3534 timemus,
2299 3453 2607 3520 amiseras
2667 3453 2883 3540 ipsum

785 3563 820 3591 “
865 3579 1197 3623 summum
1240 3578 1503 3626 numen.
1594 3556 1663 3623 N
1667 3556 1943 3643 unquid,
1978 3555 2098 3637 fili,
2142 3554 2322 3642 apud
2367 3559 2638 3641 argutos
2673 3554 2882 3641 philo-

787 3667 821 3693 “
866 3659 1103 3745 sophos
1148 3658 1411 3725 fallacia
1454 3659 1704 3725 censeri
1748 3657 2010 3735 habeat,
2039 3664 2159 3725 aut
2203 3657 2552 3744 sophisma,
2583 3678 2716 3743 qua
2759 3657 2883 3723 sub

785 3765 822 3794 “
866 3760 1016 3826 fuco
1060 3760 1239 3847 paris
1281 3760 1553 3827 habitus
1598 3760 1684 3826 ad
1728 3760 2049 3848 imparem
2108 3759 2494 3847 religionem
2537 3759 2882 3837 transiens,

784 3870 816 3897 “
863 3862 1049 3930 velut
1092 3861 1120 3900 ³
1138 3862 1654 3950 pseudologicus,
1687 3863 1933 3929 nostris
1977 3867 2119 3928 tam
2157 3848 2391 3929 domui
2422 3883 2621 3948 quam
2666 3861 2882 3929 ordini

785 3973 821 3998 “
867 3965 1218 4053 sophistice
1264 3964 1747 4031 concludebas?
1835 3963 2081 4030 Nonne
2124 3965 2305 4051 apud
2354 3969 2651 4030 maturos
2694 3964 2881 4029 hero-

783 4077 816 4103 “
863 4068 993 4133 icos
1054 4067 1292 4134 levitas
1346 4067 1477 4133 dici
1540 4068 1796 4146 debeat,
1859 4072 1980 4133 aut
2044 4066 2467 4145 instabilitas,
2532 4088 2681 4152 qua,
2732 4088 2880 4131 cum

783 4176 820 4205 “
865 4171 1098 4235 beatus
1160 4192 1321 4250 eras,
1367 4171 1661 4257 beneque
1705 4168 1835 4236 tibi
1879 4168 2115 4252 fuerat,
2177 4174 2273 4254 tu,
2338 4167 2366 4207 4
2382 4168 2736 4235 lassescens
2798 4168 2881 4233 de

785 4277 821 4305 “
865 4269 1283 4353 successibuS,
1314 4270 1473 4337 illuc
1501 4274 1570 4337 te
1616 4270 2069 4353 transtuleras,
2106 4270 2225 4337 ubi
2266 4292 2415 4338 cum
2458 4270 2743 4358 cupieris
2785 4292 2885 4337 sa·

852 4551 865 4583 ¹
890 4552 953 4602 In
975 4552 1187 4603 allusion
1209 4560 1264 4605 to
1278 4551 1489 4605 Exodus
1504 4554 1608 4609 xvi.
1633 4560 1665 4606 3
1687 4557 1787 4607 and
1944 4554 1966 4587 ³
1983 4551 2309 4620 seudoloyt'cue
2329 4554 2381 4604 in
2404 4554 2515 4608 MS·

784 4628 1030 4680 Numbers
1050 4631 1120 4681 xi.
1147 4637 1193 4681 6.
1948 4636 1966 4664 ⁴
1989 4631 2236 4685 lacescens
2257 4634 2310 4685 in
2333 4633 2447 4686 MS·

849 4708 871 4740 ²
890 4716 991 4759 011³
1014 4708 1069 4759 in
1092 4709 1205 4764 MS.
