3467 5717
1058 816 1502 869 MONASTEBIO
1554 818 1801 869 SANCTI
1847 817 2072 870 ALBAN
2076 821 2103 868 1
2110 853 2124 870 .
2609 811 2645 868 5

628 1006 754 1073 Per
796 1005 971 1073 idem
1016 1009 1281 1092 tempus
1325 1004 1590 1072 Natalis
1636 1004 1927 1085 Domini,
1960 1006 2243 1074 cuniculi
2286 1007 2360 1073 in
2390 1006 2650 1094 Eywod
2673 997 2810 1050 ΑΒ·
2839 1003 2983 1050 ¹⁴2³·

542 1108 811 1176 fuerunt
866 1130 986 1196 per
1054 1107 1415 1178 insolentes
1473 1108 1757 1174 famulos
1816 1108 2151 1187 destructi,
2212 1114 2284 1176 et
2341 1109 2519 1176 cervi
2579 1112 2649 1175 et
2672 1076 2980 1208 ssffssyfffl‘

540 1213 751 1278 damae
811 1212 1175 1278 inhumane
1240 1210 1437 1276 occisi
1499 1215 1569 1276 et
1612 1210 1980 1293 decoriati3
2040 1232 2160 1300 pro
2204 1234 2334 1300 quo
2393 1212 2646 1278 enormi
2672 1210 2866 1260 Duke'S

539 1314 714 1382 facto
761 1335 936 1379 unus
979 1314 1200 1380 fuerat
1244 1313 1320 1378 in
1365 1313 1575 1401 cippis
1618 1314 2043 1395 constitutae,
2090 1319 2161 1380 et
2204 1313 2506 1381 manibus
2544 1315 2646 1380 sui
2671 1291 2848 1394 {51¹3}
2853 1285 2929 1335 ⁸⁸³

541 1417 795 1482 domini
869 1437 1017 1482 cum
1079 1415 1395 1503 petilione
1460 1420 1754 1481 ‘mauras
1834 1417 2050 1502 capite
2111 1416 2378 1496 fractus,
2450 1423 2648 1503 atque
2674 1410 2853 1539 &¹21¹
2856 1476 2918 1525 ed

539 1519 902 1608 leporarius
931 1518 1222 1604 ejusdem
1264 1516 1396 1582 fuit
1424 1538 1793 1604 suspensus.
1888 1518 1998 1583 Sic
2027 1518 2407 1604 conquievit
2437 1519 2648 1585 malus
2673 1542 2741 1606 by
2762 1541 2849 1593 the

541 1622 880 1709 appetitus
923 1618 1299 1686 venationis
1342 1640 1610 1684 suorum
1656 1618 2073 1697 famulorum,
2105 1621 2406 1711 exemplo
2450 1621 2650 1686 unius
2672 1608 2981 1726 gaggada.

539 1726 752 1811 rigide
796 1724 1083 1802 correcti,
1114 1744 1233 1810 per
1277 1721 1582 1788 timorem
1627 1725 1697 1788 et
1741 1723 2204 1789 correctionem
2248 1724 2351 1788 sui
2396 1745 2646 1812 propru

542 1830 862 1995 doffibo
892 1928 920 1966 ⁹
937 1929 1155 2016 primo
1200 1927 1403 2016 Regis
1448 1927 1726 1994 Hem-ici
1772 1927 1983 2004 Sexti,
2014 1928 2122 1995 die
2168 1929 2444 1995 Veneris
2474 1929 2648 1996 infra
2673 1929 2786 2046 ’ἔξω

543 2031 988 2098 Nativitatem
1049 2031 1277 2096 Beatae
1339 2028 1572 2096 Mariae
1620 2029 1939 2118 Virginis,
1988 2030 2121 2098 fuit
2182 2030 2254 2097 in
2312 2031 2436 2098 hat
2486 2032 2650 2098 vina
2673 1996 2950 2112 &⁸3:335

543 2136 902 2222 Episcopus
948 2132 1275 2200 Hem-icus
1316 2132 1830 2219 Wyntoniensis
1889 2121 1906 2138 ’
2675 2137 2753 2179 2²¹·
2774 2135 2827 2179 δῖ
2850 2129 2924 2179 St·

637 2238 766 2304 Die
827 2236 1058 2303 Sancti
1100 2235 1149 2302 J
1150 2235 1337 2302 acobi
1389 2241 1549 2301 ante
1600 2236 1723 2303 hoc
1766 2238 2011 2303 festum
2066 2235 2393 2305 Collector
2449 2237 2649 2326 Papae
2675 2194 2976 2352 15:321„ng

545 2339 959 2428 pernoctavit
986 2340 1060 2404 in
1089 2338 1212 2404 hoc
1243 2337 1640 2404 monasterio
1664 2364 1680 2419 ;
1724 2339 1842 2426 qui
1870 2339 2108 2405 attulit
2137 2361 2353 2407 secum
2387 2340 2649 2407 Bullam
2675 2354 2897 2417 brought
2919 2354 2988 2414 by

542 2445 668 2510 sub
712 2442 984 2531 plumbo
1030 2442 1485 2529 conscriptam,
1529 2441 1717 2528 cujus
1761 2447 1955 2508 tenor
2000 2443 2302 2529 sequitur
2324 2470 2435 2509 :-
2676 2419 2963 2539 ggulggffif

633 2553 671 2583 “
690 2544 1021 2611 Martinus
1075 2543 1454 2631 Episcopus,
1515 2565 1746 2609 servus
1805 2565 2143 2610 servorum
2204 2544 2351 2625 Dei,
2413 2545 2652 2614 dilecto

544 2657 577 2684 “
622 2648 777 2730 filio,
806 2645 1064 2712 Abbati
1090 2645 1479 2712 Monasterii
1498 2645 1580 2712 de
1604 2645 1849 2712 Sancto
1870 2645 2152 2729 Albano,
2177 2647 2653 2715 Lincolniensis

546 2761 579 2789 “
623 2750 959 2829 Dioecesis,
1021 2748 1305 2816 salutem
1372 2755 1443 2814 et
1507 2747 1961 2836 Apostolieam
2011 2750 2654 2819 benedictionem.—

545 2861 582 2891 “
628 2853 816 2933 Cum,
846 2857 1158 2917 causante
1190 2851 1553 2938 praesertim
1583 2851 1951 2932 schismate,
1984 2857 2216 2919 contra
2234 2853 2389 2939 jura
2416 2861 2484 2921 et
2513 2855 2657 2920 lau·

550 2962 585 2993 “
632 2955 880 3022 dabiles
908 2975 1123 3021 mores
1153 2954 1462 3039 antiquos
1507 2953 1580 3018 in
1624 2975 1828 3040 regno
1879 2953 2142 3042 Angliae
2201 2957 2656 3024 introductum

549 3066 584 3095 “
630 3079 768 3125 esse
828 3062 1156 3136 noscatur,
1208 3060 1289 3120 ut
1341 3055 1631 3121 Ecclesia
1679 3056 1982 3122 Romana
2039 3057 2460 3125 libertatibus
2520 3061 2657 3125 suis
2751 3071 2774 3082 ”

552 3170 587 3196 “
631 3183 709 3227 ac
727 3158 993 3245 juribus
1037 3159 1109 3223 in
1152 3156 1449 3243 pluribus
1494 3158 1600 3223 uti
1642 3180 1779 3224 non
1822 3159 2049 3246 possit,
2094 3160 2271 3246 quod
2315 3184 2358 3227 a
2391 3161 2543 3247 jure
2590 3167 2659 3227 et

553 3267 592 3299 “
637 3261 832 3328 bonis
859 3260 1151 3327 moribus
1192 3259 1549 3347 plurimum
1593 3260 1920 3326 absonum
1949 3267 2083 3326 est:
2127 3267 2198 3326 et
2216 3261 2387 3347 juris
2415 3264 2660 3329 rationi

552 3374 588 3402 “
635 3385 994 3431 consonum
1054 3362 1161 3442 sit,
1221 3367 1300 3428 ut
1360 3362 1647 3428 ubilibet
1709 3361 1920 3448 ipsius
1970 3361 2127 3448 jura
2184 3384 2260 3428 ac
2319 3363 2660 3432 libertates

549 3474 589 3505 “
634 3467 896 3554 integre
931 3469 1406 3531 conserventur
1449 3464 1676 3546 illaesa,
1708 3464 2027 3551 deestque
2055 3464 2426 3554 praelatum,
2457 3466 2660 3534 immo

551 3577 585 3607 “
629 3568 877 3636 nedum
959 3589 1044 3634 ex
1079 3566 1234 3653 jure
1318 3567 1636 3646 dictante,
1694 3564 1722 3605 ⁸
1743 3566 1860 3633 sed
1937 3588 2024 3633 ex
2084 3567 2467 3655 juramento
2526 3592 2659 3657 quo

549 3682 582 3707 “
630 3671 949 3737 Romanae
978 3668 1286 3737 Ecclesiae
1317 3668 1729 3756 astringitur,
1759 3669 2126 3737 necessario
2155 3670 2284 3737 sibi
2311 3671 2656 3754 incumbit,

548 3782 585 3811 ‘⁴
631 3795 717 3839 ne
762 3771 1059 3837 incurrat
1101 3771 1485 3859 perjurium,
1530 3777 1609 3837 ut
1642 3771 1799 3859 jura
1845 3777 1917 3837 et
1966 3771 2305 3840 libertates
2348 3775 2659 3844 Ecclesiae

550 3883 589 3913 “
633 3876 974 3956 Romanae,
992 3872 1173 3940 omni
1203 3874 1589 3961 exceptione
1620 3872 1896 3960 abjecta,
1921 3875 2081 3941 totis
2109 3876 2365 3943 viribus
2393 3882 2661 3945 tueatur

550 3986 587 4014 ‘⁴
634 3986 695 4044 et
755 3984 1010 4045 coetera.
1099 3976 1353 4041 Datum
1420 3975 1668 4056 Romae,
1745 3976 1923 4063 apud
1986 3976 2308 4043 Sanctum
2368 3980 2661 4058 Petrum,

552 4087 587 4117 “
634 4079 959 4146 Kalendis
1003 4078 1255 4157 Martii,
1302 4077 1739 4145 Pontificatus
1780 4079 1994 4145 nostri
2037 4100 2212 4145 anno
2258 4080 2504 4148 sext0.''
2689 4113 2917 4181 Offering

639 4184 667 4224 ⁴
688 4183 923 4251 Comes
1000 4182 1316 4250 Marchiae
1376 4184 1567 4250 venit
1626 4184 1716 4249 ad
1791 4184 2276 4252 Monasterium
2332 4185 2408 4252 in
2466 4186 2664 4254 Festo
2687 4181 2832 4230 ¹¹²⁸&
2856 4188 2910 4259 αξ

554 4287 882 4354 Undecim
930 4285 1222 4352 Minium
1283 4284 1654 4373 Virginum,
1716 4286 1824 4354 die
1870 4287 2128 4367 Martis,
2174 4287 2546 4377 hospitatus
2592 4291 2664 4358 in
2685 4245 2976 4429 Ξὲῗὲῖω

2690 4446 2886 4496 March.

619 4535 635 4566 ¹
658 4534 826 4585 These
848 4534 1016 4584 words
1037 4533 1218 4583 “Anno
1239 4570 1253 4585 .
1280 4571 1291 4584 .
1319 4570 1332 4584 .
1360 4533 1503 4583 Sexti
1520 4534 1553 4558 ’⁹
1725 4532 1748 4566 ²
1767 4535 2021 4596 Anerror,
2035 4536 2345 4604 apparently,
2354 4536 2435 4588 for
2446 4538 2667 4591 secundo.

552 4630 637 4666 are
660 4614 879 4665 inserted
913 4611 970 4663 in
1010 4612 1097 4664 the
1133 4611 1350 4678 margin,
1370 4614 1463 4664 but
1484 4614 1552 4679 by
1723 4611 1745 4646 ³
1769 4620 1842 4663 ,set
1865 4613 1920 4663 in
1943 4614 2056 4666 MS.

551 4695 638 4747 the
659 4709 796 4748 same
810 4692 969 4745 hand.
1724 4691 1745 4727 ⁴
1766 4693 2001 4746 Edmund
2022 4693 2299 4748 Mortimer.
