3467 5717
772 821 854 884 26
1203 829 1605 879 cnssomcon
1654 829 1897 880 samm
1942 828 2316 880 casuum!
2363 830 2440 878 IN

427 1018 739 1069 A-D-1428·
856 1014 879 1054 ¹
897 1017 1097 1081 Anno
1148 1013 1339 1100 regni
1388 1012 1588 1100 Regis
1635 1011 1915 1078 Henrici
1947 1010 2138 1078 Sexti
2184 1012 2466 1100 septimo
2494 1011 2871 1101 incipiente,

427 1096 713 1228 {322¹}
765 1119 935 1184 circa
985 1117 1246 1183 eosdem
1299 1116 1442 1182 dies
1492 1114 1815 1202 applicuit
1861 1115 1936 1179 in
1985 1114 2320 1202 Angliam,
2348 1115 2434 1181 ad
2477 1120 2745 1202 portum
2790 1116 2873 1181 de

425 1232 512 1280 the
537 1227 711 1308 Genii·
765 1221 1041 1299 Dovere‚
1090 1218 1453 1306 Episcopus
1507 1216 2015 1303 Wyntoniensis
2068 1223 2138 1282 et
2179 1217 2408 1284 Romae
2462 1217 2874 1298 cardinalis3

426 1295 722 1412 ἓὲιηὲἰζζῗορ
765 1323 877 1409 qui
908 1322 1036 1388 Die
1066 1321 1295 1388 Sancti
1328 1320 1553 1406 Egidii
1582 1342 1625 1384 a
1656 1319 1910 1406 Majore
1951 1319 2447 1386 Londoniarum
2498 1325 2570 1386 et
2617 1321 2873 1386 civibus

425 1431 638 1488 chester,
666 1434 719 1477 at
766 1425 1286 1514 quamplurimis,
1332 1424 1554 1490 rubeis
1601 1422 1888 1509 caputiis
1940 1434 2010 1488 et
2059 1423 2348 1489 vesturis
2390 1423 2716 1489 viridibus
2766 1445 2870 1489 re-

425 1496 659 1547 London.
763 1533 1070 1595 verenter
1129 1526 1398 1604 ornatis,
1460 1531 1531 1592 et
1604 1547 1757 1591 cum
1816 1522 1843 1562 ²
1859 1526 2215 1612 praesentia
2272 1524 2562 1591 Abbatis
2638 1524 2867 1591 Sancti

766 1631 1030 1709 Albani,
1087 1635 1157 1695 et
1204 1629 1287 1694 de
1340 1628 1700 1706 waltham,
1751 1633 1822 1692 et
1868 1626 2151 1692 fratrum
2198 1634 2488 1714 quatuor
2536 1626 2868 1693 Ordinum

761 1753 1110 1797 numerosa
1160 1730 1610 1809 multitudine,
1662 1751 1815 1795 cum
1865 1729 2386 1816 processionibus
2435 1735 2506 1796 et
2563 1729 2868 1796 cantibus

760 1834 1182 1911 solemnibus,
1228 1832 1490 1920 ingenti
1539 1831 1958 1897 exultatione
2005 1832 2234 1919 plebis,
2281 1831 2740 1898 laetantissime
2791 1832 2868 1896 in

759 1936 993 2002 urbem
1052 1935 1542 2000 Londoniarum
1603 1933 2074 2021 excipiebatur.
2195 1934 2329 2015 Qui
2397 1933 2483 1999 ad
2546 1934 2865 2000 Sanctum

760 2038 1060 2119 Paulum,
1095 2037 1333 2103 deinde
1362 2037 1450 2101 ad
1478 2035 2167 2116 westmonasterium,
2199 2035 2638 2124 progrediens,
2659 2036 2864 2101 hono-

757 2140 955 2218 rifice,
1007 2144 1209 2228 prout
1266 2137 1555 2218 decebat,
1607 2160 1759 2204 cum
1817 2138 2341 2225 processionibus
2382 2143 2684 2225 receptus
2742 2142 2861 2217 est,

422 2264 504 2314 He
523 2263 569 2314 is
590 2274 664 2316 at-
756 2265 907 2311 cum
952 2243 1131 2310 omni
1176 2242 1402 2329 gloria.
1494 2240 1727 2307 Comes
1758 2241 1839 2307 de
1886 2238 1914 2277 ³
1931 2240 2223 2327 Mortyn,
2254 2240 2468 2306 nobili
2519 2245 2862 2328 apparatu,

421 2331 740 2449 ffig‘lffar'l'zf
758 2368 908 2413 cum
945 2345 1286 2412 Cardinali
1336 2343 1627 2409 advenit.
1722 2343 2082 2430 Episcopus
2134 2342 2659 2423 sarisburiensis,
2706 2365 2866 2408 suus

421 2464 678 2524 Mortaim
758 2449 1140 2526 avunculus,
1170 2447 1381 2512 eidem
1429 2446 1504 2512 in
1558 2446 1822 2510 obviam
1854 2445 2088 2526 venit3
2138 2449 2209 2511 et
2256 2467 2391 2511 non
2443 2446 2664 2532 plures
2710 2444 2869 2531 Epi-

419 2529 721 2646 ἓξὲξ-’01)
758 2552 935 2637 scopi
958 2550 1317 2616 interfuere
1347 2571 1485 2615 suae
1515 2546 1900 2613 obviationi.
1998 2548 2089 2612 Et
2117 2548 2246 2613 iste
2275 2546 2673 2614 venerabilis
2704 2548 2864 2614 Car-

422 2663 555 2726 bury
574 2661 732 2728 being
759 2653 999 2718 dinalis
1047 2657 1321 2718 ornatus
1368 2650 1700 2737 equitavit
1748 2650 1822 2714 in
1873 2670 2008 2715 uno
2051 2648 2080 2687 ⁴
2102 2648 2379 2717 chemer’
2423 2655 2583 2715 ante
2634 2649 2864 2715 obvia-

421 2728 687 2858 ἓίξξζὲῗω
758 2755 1010 2821 tionem
1072 2752 1648 2819 Londoniensium.
1774 2751 2074 2817 Intravit
2130 2752 2206 2816 in
2265 2751 2627 2831 civitatem,
2676 2773 2861 2818 cruce

421 2866 553 2912 meet
569 2862 720 2914 them.
754 2855 1179 2945 praeambula,
1210 2859 1471 2919 mutato
1501 2875 1617 2918 suo
1649 2853 1854 2940 priori
1886 2858 2128 2918 ornatu
2156 2853 2230 2917 in
2260 2875 2491 2940 capam
2537 2854 2622 2919 de
2663 2852 2858 2919 rubio

755 2959 1083 3036 wellueto,
1113 2958 1291 3023 dicto
1341 2962 1375 2992 “
1397 2955 1841 3041 crymesyne,”
1896 2978 2045 3022 cum
2093 2954 2120 2995 ⁵
2141 2956 2492 3036 manubiis,
2537 2978 2686 3043 quae
2738 2956 2862 3021 cir-

755 3060 1079 3129 cumtexit
1138 3080 1331 3124 suum
1389 3057 1786 3145 palefridum
1845 3078 2051 3145 usque
2126 3057 2213 3124 ad
2279 3080 2470 3124 aures
2546 3057 2859 3138 anterius,

755 3171 825 3231 et
885 3184 1095 3250 usque
1130 3162 1216 3228 ad
1259 3162 1580 3248 postelam
1616 3162 1956 3248 posterius,
1996 3165 2067 3227 et
2129 3160 2369 3248 capitio
2428 3160 2623 3227 modo
2679 3182 2859 3249 capae

754 3265 782 3306 ⁶
797 3266 1218 3346 scholasticae,
1254 3265 1394 3330 lato
1435 3269 1504 3329 et
1565 3263 1801 3351 ample,
1848 3285 1999 3328 cum
2058 3262 2305 3350 capello
2367 3263 2450 3328 de
2507 3262 2861 3344 welluet03

754 3370 1015 3436 duobus
1059 3368 1388 3434 militibus
1443 3388 1531 3433 ex
1589 3372 1873 3452 utraque
1925 3371 2113 3453 parte
2158 3365 2291 3431 duo
2329 3366 2535 3431 rubea
2595 3365 2857 3452 capella,

753 3495 891 3539 non
950 3472 1114 3537 adeo
1171 3469 1364 3545 bona,
1409 3490 1527 3556 per
1563 3469 1895 3554 margines
1952 3467 2356 3545 tenentibus,
2402 3465 2426 3507 ⁷
2447 3473 2518 3534 et
2567 3489 2859 3533 cursores

754 3575 1088 3661 pedestres
1158 3571 1450 3657 ejusdem
1512 3570 1982 3657 expandentes,
2047 3575 2118 3636 et
2183 3570 2524 3658 armigeris
2597 3570 2857 3636 frenum

756 3696 950 3741 suum
1005 3673 1416 3753 ducentibus,
1485 3673 1672 3759 cujus
1735 3678 2092 3760 apparatus
2155 3677 2300 3738 erat
2366 3678 2715 3760 argenteus
2790 3676 2860 3738 et

755 3774 1115 3861 emelyd
1131 3795 1161 3854 ,·
1224 3773 1311 3838 ad
1377 3796 1696 3862 magnum
1764 3774 2077 3858 honorem
2146 3775 2455 3854 civitatis,
2521 3775 2726 3863 regni,
2787 3779 2859 3840 et

754 3877 1222 3947 communium.
2695 3917 2704 3922 -

414 3997 653 4051 Inteness
674 3999 734 4052 of
844 3982 929 4047 In
973 3980 1260 4046 crastino
1307 3978 1535 4046 Sancti
1580 3977 1808 4066 Egidii
1850 3977 2341 4045 inducebantur
2367 3977 2592 4067 garbae
2638 3978 2854 4067 primo

821 4237 837 4269 ¹
859 4237 921 4286 de
953 4236 1224 4299 receptione
1251 4231 1541 4286 cardinalis
1562 4249 1597 4282 a
1622 4231 1755 4282 Lon-
1909 4231 1931 4263 ⁴
1955 4231 2054 4297 Qy.
2078 4247 2134 4283 as
2168 4239 2222 4282 to
2244 4231 2346 4283 this
2367 4234 2521 4284 word.
2579 4233 2636 4285 A
2655 4232 2780 4285 kind
2803 4235 2863 4285 of

751 4310 1397 4376 deniensibue.—Marginal
1417 4309 1565 4360 Note.
1842 4311 2111 4376 travelling
2130 4312 2270 4362 dress
2300 4311 2345 4361 is
2367 4312 2582 4377 perhaps
2604 4322 2791 4364 meant.

817 4396 839 4425 ²
854 4391 1130 4458 presensia
1151 4389 1203 4439 in
1224 4387 1339 4439 MS.
1908 4388 1931 4421 ⁵
1954 4389 2045 4439 An
2067 4405 2220 4452 error,
2242 4391 2511 4457 probably,
2529 4391 2612 4441 for
2632 4394 2850 4443 manicas.

816 4473 840 4506 ³
859 4472 972 4522 The
1010 4476 1161 4520 exact
1193 4468 1323 4518 form
1344 4466 1406 4518 of
1420 4465 1520 4517 this
1541 4481 1689 4517 name
1712 4465 1755 4517 is
1913 4468 1935 4500 ⁶
1956 4465 2228 4518 scolasticoe
2249 4469 2303 4518 in
2325 4467 2438 4519 Ms.

750 4550 1022 4604 somewhat
1043 4546 1287 4598 doubtful.
1332 4546 1571 4597 Edmund
1590 4545 1758 4596 Beau'-
1910 4546 1932 4584 7
1954 4547 2054 4612 Qy.
2093 4563 2151 4597 as
2173 4553 2227 4598 to
2248 4547 2336 4599 the
2362 4553 2515 4598 exact
2533 4548 2774 4615 meaning
2798 4551 2858 4601 of

748 4632 868 4692 fort,
889 4629 1008 4679 Earl
1029 4626 1091 4677 of
1104 4625 1342 4688 mortain,
1364 4625 1573 4690 nephew
1597 4624 1655 4675 of
1672 4625 1757 4675 the
1847 4625 1951 4676 this
1971 4625 2387 4691 ungrammatical
2412 4641 2638 4692 passage.

751 4708 1008 4769 cardinal,
1028 4706 1070 4756 is
1092 4712 1276 4755 meant.
