3467 5717
1319 810 1566 876 emon
1613 811 1885 865 ALBANI.
2534 804 2659 870 241

649 998 687 1028 “
732 993 817 1059 In
863 994 992 1061 Dei
1052 997 1337 1072 nomine,
1398 997 1636 1063 Amen.
1728 997 1840 1064 Ad
1885 997 2187 1065 libellum
2245 998 2319 1066 in
2371 1000 2660 1087 quadam
2689 1008 2998 1068 A·¹>·¹⁴27‚8·

560 1100 596 1129 “
639 1117 836 1161 causa
875 1097 1350 1165 subtractionis
1395 1099 1796 1166 decimarum
1841 1101 1912 1165 in
1953 1100 2160 1167 Curia
2194 1101 2660 1169 Cantuariensi

557 1202 592 1233 “
638 1199 816 1264 iuter
844 1201 1254 1265 venerabiles
1299 1206 1370 1267 et
1397 1201 1737 1287 religiosos
1782 1202 1978 1282 viros,
2010 1203 2344 1269 Abbatem
2376 1209 2447 1271 et
2487 1204 2662 1271 Con-

554 1305 589 1333 “
635 1305 912 1366 ventum
948 1302 1337 1368 Monasterii
1369 1302 1596 1369 Sancti
1627 1303 1892 1385 Albani,
1917 1304 2399 1371 Lincolniensis
2428 1305 2452 1346 ¹
2477 1306 2661 1373 Dice·

555 1407 594 1436 “
639 1403 816 1483 cesis,
879 1409 1135 1491 partem
1183 1404 1507 1481 actricem,
1557 1427 1640 1470 ex
1699 1409 1890 1492 parte
1951 1428 2105 1487 una,
2166 1413 2236 1474 et
2297 1407 2660 1474 Dominum

560 1512 593 1540 “
639 1504 1046 1572 willelmum
1081 1507 1459 1586 Cheselden,
1493 1508 1840 1575 Rectorem
1871 1509 2164 1576 ecclesiae
2208 1511 2290 1576 de
2339 1510 2661 1598 Horpolle

561 1612 595 1641 “
642 1607 841 1674 dictae
887 1608 907 1647 ¹
930 1608 1243 1676 Dioecesis
1278 1630 1347 1675 se
1391 1609 1739 1690 dicentem,
1771 1616 2027 1697 partem
2072 1632 2270 1689 ream,
2300 1634 2386 1678 ex
2431 1612 2655 1691 altera,

557 1715 592 1745 ‘⁴
639 1716 821 1776 mota
864 1717 934 1776 et
981 1712 1324 1797 pendente,
1375 1733 1492 1798 per
1537 1717 1799 1798 partem
1854 1712 2183 1779 dictorum
2236 1712 2524 1779 Abbatis
2587 1719 2658 1780 et

557 1817 595 1846 ‘⁸
641 1811 1027 1877 Conventus
1104 1814 1333 1878 datum
1409 1819 1479 1879 et
1558 1814 1993 1900 propositum,
2074 1836 2225 1901 pars
2293 1817 2654 1882 eorundem
2784 1820 2792 1833 ⁴

557 1919 592 1947 “
636 1912 925 1979 Abbatis
985 1918 1055 1980 et
1117 1915 1503 1982 Conventus
1565 1920 1716 2003 post
1761 1915 1903 1981 haec
1949 1916 2259 1982 verba——‘
2279 1939 2397 2005 per
2440 1917 2660 2004 plures

558 2020 591 2050 “
640 2022 656 2051 ‘
687 2015 933 2081 annos’
980 2018 1055 2082 in
1101 2016 1283 2083 dicto
1328 2017 1555 2083 libello
1615 2019 1887 2097 inserta,
1935 2021 2005 2084 et
2055 2024 2213 2084 ante
2273 2018 2413 2086 haec
2457 2020 2663 2086 verba

557 2123 595 2153 “
638 2126 749 2167 ·-—‘
768 2119 1079 2205 percepit,
1128 2119 1492 2197 subtraxit,
1553 2124 1622 2184 et
1690 2119 2077 2206 occupavit?
2138 2120 2343 2186 etiam
2404 2122 2475 2186 in
2521 2122 2663 2208 ipso

557 2225 595 2254 “
640 2219 865 2285 libello
911 2220 1250 2308 inscripta,
1289 2221 1477 2286 addit
1507 2226 1575 2286 et
1622 2221 1859 2287 inserit.
1903 2220 2043 2286 haec
2083 2222 2305 2301 verba,
2338 2222 2662 2303 videlicet,

557 2327 594 2356 ‘⁴
641 2329 889 2409 —-‘per
932 2323 1180 2410 viginti
1222 2328 1293 2389 et
1351 2327 1500 2389 octo
1544 2343 1754 2389 annos
1789 2323 1970 2389 ultra
2014 2324 2287 2411 elapsoS,
2322 2331 2391 2391 et
2434 2346 2661 2392 eorum

558 2429 594 2458 “
644 2431 661 2456 ‘
691 2423 1028 2510 quolibet?

646 2530 685 2561 “
718 2525 998 2613 Liteque
1029 2531 1401 2593 contestata
1429 2527 1741 2614 negative
1785 2548 2003 2593 coram
2032 2528 2246 2610 nobis,
2293 2529 2378 2594 ad
2408 2529 2661 2595 dictum

558 2633 593 2663 “
640 2628 960 2706 libellum,
992 2629 1067 2694 in
1112 2631 1466 2715 praesentia.
1511 2629 1820 2716 Magistri
1864 2629 1913 2695 J
1914 2629 2099 2694 aoobi
2146 2628 2320 2710 cole,
2353 2651 2661 2717 procura-

559 2737 593 2766 “
641 2730 802 2796 toris
868 2731 1186 2817 praedicti,
1234 2752 1352 2818 per
1412 2730 1810 2819 Magistrum
1855 2730 1904 2796 J
1905 2730 2234 2796 ohannem
2295 2731 2659 2820 Wybbery,

561 2839 598 2867 “
644 2838 1129 2920 procuratorem
1160 2854 1246 2899 ex
1275 2834 1554 2899 adverso
1599 2855 1802 2921 supra
1845 2834 2284 2915 nominatum,
2316 2856 2468 2900 cum
2502 2857 2664 2923 qua-

561 2942 595 2969 “
638 2936 791 3001 dam
821 2936 1099 3002 materia
1133 2935 1623 3022 justificatoria,
1656 2957 1859 3023 quam
1888 2936 2231 3024 proposuit
2260 2937 2331 3002 in
2361 2938 2666 3024 scriptis;

563 3042 599 3074 “
644 3038 829 3124 cujus
876 3044 1071 3105 tenor
1114 3043 1217 3104 est
1264 3035 1292 3077 ²
1321 3038 1586 3104 talis—-

651 3146 689 3175 “
722 3140 806 3204 In
850 3140 978 3206 Dei
1021 3141 1308 3222 nomine,
1338 3141 1574 3208 Amen.
1663 3140 1748 3204 In
1795 3139 2083 3227 quadam
2132 3161 2329 3207 causa
2371 3141 2665 3206 subtrac-

559 3247 600 3279 “
646 3243 846 3309 tionis
909 3250 1256 3330 praetensae
1319 3242 1737 3320 decimarum,
1801 3241 1890 3306 ad
1961 3240 2234 3306 Curiam
2310 3242 2666 3308 Cantuari-

562 3352 597 3378 “
643 3366 882 3425 ensem,
943 3351 1023 3410 ut
1066 3345 1524 3434 praetenditur,
1584 3341 1916 3420 devoluta,
1980 3348 2050 3408 et
2094 3364 2244 3429 quae
2301 3344 2376 3409 in
2436 3344 2663 3409 eadem

565 3452 601 3481 “
647 3446 851 3512 Curia
911 3447 993 3513 de
1051 3447 1228 3514 facto
1288 3448 1579 3512 vertitur
1620 3446 1802 3511 inter
1847 3445 2251 3510 venerabiles
2311 3451 2381 3512 et
2440 3446 2664 3531 religi-

563 3555 600 3585 “
646 3570 791 3614 osos
821 3549 1017 3629 viros,
1050 3549 1383 3615 Abbatem
1422 3553 1492 3614 et
1523 3548 1945 3615 Conventum
1995 3545 2383 3613 Monasterii
2430 3548 2662 3613 Sancti

561 3658 599 3684 “
642 3649 904 3730 Albani,
937 3649 1410 3719 Lincolniensis
1458 3649 1475 3688 ¹
1504 3650 1840 3727 Dioecesis,
1875 3655 2133 3736 partem
2157 3650 2465 3716 actricem
2494 3671 2663 3738 prae-

562 3760 596 3786 “
642 3757 917 3833 tensam
956 3773 1047 3819 ex
1087 3758 1277 3841 parte
1324 3774 1472 3832 una,
1517 3756 1587 3817 et
1633 3751 1996 3817 Dominum
2028 3751 2435 3818 Willelmum
2491 3752 2661 3819 ohe-

562 3861 599 3891 “
644 3854 925 3935 seldene,
988 3855 1334 3921 Rectorem
1393 3853 1680 3921 ecclesiae
1745 3852 2134 3941 parochialis
2179 3853 2260 3918 de
2323 3852 2657 3941 Horpolle,

563 3965 599 3991 “
640 3956 932 4042 ejusdem
962 3956 986 3995 ¹
1010 3958 1346 4037 Dioecesis,
1370 3964 1622 4044 partem
1654 3976 1835 4020 ream
1867 3961 2283 4042 praetensam,
2317 3977 2402 4021 ex
2432 3957 2660 4036 altera,

560 4065 596 4093 “
643 4079 793 4145 pars
838 4058 999 4125 dIcti
1067 4059 1339 4125 Domini
1383 4057 1717 4137 Willelmi,
1765 4057 2081 4133 Rectoris‚
2130 4062 2362 4122 contra
2405 4063 2662 4143 partem

562 4165 600 4193 “
644 4159 971 4225 dictorum
1002 4161 1290 4226 Abbatis
1318 4167 1389 4226 et
1421 4160 1826 4240 Conventus,
1844 4179 2102 4223 necnon
2130 4162 2360 4223 contra
2388 4159 2663 4224 totalem

560 4268 597 4295 “
642 4261 1080 4328 intentionem
1136 4284 1342 4341 suam,
1375 4262 1449 4326 in
1496 4260 1785 4347 quodam
1825 4258 2049 4325 libello
2091 4280 2211 4349 per
2253 4264 2511 4347 partem
2556 4283 2663 4327 eo·

563 4369 600 4397 “
646 4363 929 4429 rundem
976 4365 1049 4429 in
1080 4363 1259 4430 dicta
1302 4384 1499 4428 causa
1530 4367 1861 4450 praetensa
1905 4360 2238 4449 proposito
2290 4361 2661 4441 deductam,

563 4469 600 4499 “
647 4466 956 4532 omnibus
996 4465 1128 4545 via,
1171 4465 1383 4546 mod0‚
1433 4469 1504 4531 et
1547 4464 1781 4547 forma,
1829 4463 2229 4545 melioribus,
2282 4463 2522 4550 quibus
2580 4464 2664 4530 de

2239 4590 2410 4599 0--0-
2443 4592 2472 4597 γ,
2535 4593 2600 4599 ...ο

629 4656 642 4686 '
674 4653 904 4707 Dioceeis
924 4657 978 4706 in
1002 4656 1114 4708 MS.
1666 4653 1771 4706 this
1792 4653 1945 4704 word.

628 4735 651 4771 ²
686 4743 758 4784 ese
778 4732 824 4785 is
864 4734 1161 4800 apparently
1182 4734 1415 4801 repeated
1449 4732 1576 4785 after

2352 4827 2398 4890 Q
