<?xml version="1.0" encoding="UTF-8"?>
<!DOCTYPE html PUBLIC "-//W3C//DTD XHTML 1.0 Transitional//EN"
    "http://www.w3.org/TR/xhtml1/DTD/xhtml1-transitional.dtd">
<html xmlns="http://www.w3.org/1999/xhtml" xml:lang="en" lang="en">
 <head>
  <title>
</title>
<meta http-equiv="Content-Type" content="text/html;charset=utf-8" />
  <meta name='ocr-system' content='tesseract 3.04.00' />
  <meta name='ocr-capabilities' content='ocr_page ocr_carea ocr_par ocr_line ocrx_word'/>
</head>
<body>
  <div class='ocr_page' id='page_1' title='image "./annalesmonaster00unkngoog_0150.png"; bbox 0 0 3467 5717; ppageno 0'>
   <div class='ocr_carea' id='block_1_1' title="bbox 530 1016 899 1073">
    <p class='ocr_par' dir='ltr' id='par_1_1' title="bbox 530 1016 899 1073">
     <span class='ocr_line' id='line_1_1' title="bbox 530 1016 899 1073; baseline -0.003 -11"><span class='ocrx_word' id='word_1_1' title='bbox 530 1016 837 1073; x_wconf 50' lang='lat' dir='ltr'><strong>,mul-1215).</strong></span> <span class='ocrx_word' id='word_1_2' title='bbox 867 1016 899 1041; x_wconf 89' lang='lat'><strong>“</strong></span> 
     </span>
    </p>
   </div>
   <div class='ocr_carea' id='block_1_2' title="bbox 867 808 2309 870">
    <p class='ocr_par' dir='ltr' id='par_1_2' title="bbox 867 808 2309 870">
     <span class='ocr_line' id='line_1_2' title="bbox 867 808 2309 870; baseline -0.003 0"><span class='ocrx_word' id='word_1_3' title='bbox 867 808 955 870; x_wconf 61' lang='lat'><strong>84</strong></span> <span class='ocrx_word' id='word_1_4' title='bbox 1520 817 1839 868; x_wconf 72' lang='lat' dir='ltr'>ANNALES</span> <span class='ocrx_word' id='word_1_5' title='bbox 1884 816 2309 867; x_wconf 61' lang='lat' dir='ltr'><strong>moussrsnn</strong></span> 
     </span>
    </p>
   </div>
   <div class='ocr_carea' id='block_1_3' title="bbox 946 1005 2965 1093">
    <p class='ocr_par' dir='ltr' id='par_1_3' title="bbox 946 1005 2965 1093">
     <span class='ocr_line' id='line_1_3' title="bbox 946 1005 2965 1093; baseline -0 -21"><span class='ocrx_word' id='word_1_6' title='bbox 946 1011 1015 1072; x_wconf 86' lang='lat' dir='ltr'><strong>et</strong></span> <span class='ocrx_word' id='word_1_7' title='bbox 1062 1007 1355 1089; x_wconf 85' lang='lat' dir='ltr'><strong>firmiter,</strong></span> <span class='ocrx_word' id='word_1_8' title='bbox 1401 1008 1546 1072; x_wconf 84' lang='lat' dir='ltr'><strong>vita</strong></span> <span class='ocrx_word' id='word_1_9' title='bbox 1588 1006 1961 1093; x_wconf 84' lang='lat' dir='ltr'><strong>superstite,</strong></span> <span class='ocrx_word' id='word_1_10' title='bbox 1993 1005 2062 1070; x_wconf 88' lang='lat' dir='ltr'><strong>in</strong></span> <span class='ocrx_word' id='word_1_11' title='bbox 2109 1006 2329 1070; x_wconf 80' lang='lat' dir='ltr'><strong>animo</strong></span> <span class='ocrx_word' id='word_1_12' title='bbox 2375 1006 2845 1092; x_wconf 85' lang='lat' dir='ltr'><strong>proposuimus,</strong></span> <span class='ocrx_word' id='word_1_13' title='bbox 2878 1007 2965 1071; x_wconf 82' lang='lat' dir='ltr'><strong>ad</strong></span> 
     </span>
    </p>
   </div>
   <div class='ocr_carea' id='block_1_4' title="bbox 866 1107 2966 1297">
    <p class='ocr_par' dir='ltr' id='par_1_4' title="bbox 866 1107 2966 1297">
     <span class='ocr_line' id='line_1_4' title="bbox 866 1107 2966 1196; baseline -0.001 -21"><span class='ocrx_word' id='word_1_14' title='bbox 866 1119 899 1144; x_wconf 91' lang='lat'><strong>“</strong></span> <span class='ocrx_word' id='word_1_15' title='bbox 946 1111 1199 1175; x_wconf 84' lang='lat' dir='ltr'><strong>instans</strong></span> <span class='ocrx_word' id='word_1_16' title='bbox 1234 1110 1375 1196; x_wconf 80' lang='lat' dir='ltr'><strong>jam</strong></span> <span class='ocrx_word' id='word_1_17' title='bbox 1424 1115 1725 1176; x_wconf 85' lang='lat' dir='ltr'><strong>nostrum</strong></span> <span class='ocrx_word' id='word_1_18' title='bbox 1772 1108 2091 1175; x_wconf 80' lang='lat' dir='ltr'><strong>Generale</strong></span> <span class='ocrx_word' id='word_1_19' title='bbox 2155 1107 2558 1194; x_wconf 77' lang='lat' dir='ltr'><strong>Capitulum,</strong></span> <span class='ocrx_word' id='word_1_20' title='bbox 2603 1108 2676 1172; x_wconf 88' lang='lat' dir='ltr'><strong>in</strong></span> <span class='ocrx_word' id='word_1_21' title='bbox 2723 1108 2966 1194; x_wconf 79' lang='lat' dir='ltr'><strong>vigilia</strong></span> 
     </span>
     <span class='ocr_line' id='line_1_5' title="bbox 867 1209 2965 1297; baseline -0 -22"><span class='ocrx_word' id='word_1_22' title='bbox 867 1221 901 1246; x_wconf 92' lang='lat'><strong>“</strong></span> <span class='ocrx_word' id='word_1_23' title='bbox 949 1211 1282 1277; x_wconf 78' lang='lat' dir='ltr'>Passionis</span> <span class='ocrx_word' id='word_1_24' title='bbox 1357 1212 1569 1277; x_wconf 86' lang='lat' dir='ltr'><strong>nostri</strong></span> <span class='ocrx_word' id='word_1_25' title='bbox 1644 1209 1668 1249; x_wconf 86' lang='lat'>¹</span> <span class='ocrx_word' id='word_1_26' title='bbox 1690 1210 2226 1295; x_wconf 80' lang='lat' dir='ltr'><strong>Protomartyris,</strong></span> <span class='ocrx_word' id='word_1_27' title='bbox 2277 1210 2422 1295; x_wconf 83' lang='lat' dir='ltr'><strong>jam</strong></span> <span class='ocrx_word' id='word_1_28' title='bbox 2491 1211 2789 1297; x_wconf 82' lang='lat' dir='ltr'><strong>proximo</strong></span> <span class='ocrx_word' id='word_1_29' title='bbox 2847 1232 2965 1297; x_wconf 84' lang='lat' dir='ltr'><strong>per</strong></span> 
     </span>
    </p>
   </div>
   <div class='ocr_carea' id='block_1_5' title="bbox 944 1312 3022 2627">
    <p class='ocr_par' dir='ltr' id='par_1_5' title="bbox 944 1312 3022 2627">
     <span class='ocr_line' id='line_1_6' title="bbox 948 1312 2967 1401; baseline -0 -23"><span class='ocrx_word' id='word_1_30' title='bbox 948 1315 1277 1379; x_wconf 83' lang='lat' dir='ltr'><strong>Altissimi</strong></span> <span class='ocrx_word' id='word_1_31' title='bbox 1321 1315 1603 1401; x_wconf 82' lang='lat' dir='ltr'><strong>gratiam</strong></span> <span class='ocrx_word' id='word_1_32' title='bbox 1650 1312 2129 1388; x_wconf 83' lang='lat' dir='ltr'><strong>celebrandum,</strong></span> <span class='ocrx_word' id='word_1_33' title='bbox 2175 1313 2427 1377; x_wconf 82' lang='lat' dir='ltr'><strong>vocatis</strong></span> <span class='ocrx_word' id='word_1_34' title='bbox 2470 1312 2747 1400; x_wconf 83' lang='lat' dir='ltr'><strong>singulis</strong></span> <span class='ocrx_word' id='word_1_35' title='bbox 2807 1334 2967 1400; x_wconf 91' lang='lat' dir='ltr'><strong>quo-</strong></span> 
     </span>
     <span class='ocr_line' id='line_1_7' title="bbox 949 1413 3022 1501; baseline -0 -22"><span class='ocrx_word' id='word_1_36' title='bbox 949 1437 1099 1479; x_wconf 89' lang='lat' dir='ltr'><strong>rum</strong></span> <span class='ocrx_word' id='word_1_37' title='bbox 1148 1416 1461 1481; x_wconf 78' lang='lat' dir='ltr'><strong>interesse</strong></span> <span class='ocrx_word' id='word_1_38' title='bbox 1506 1417 1579 1480; x_wconf 88' lang='lat' dir='ltr'><strong>in</strong></span> <span class='ocrx_word' id='word_1_39' title='bbox 1645 1437 1724 1480; x_wconf 80' lang='lat' dir='ltr'><strong>ea</strong></span> <span class='ocrx_word' id='word_1_40' title='bbox 1791 1418 1978 1501; x_wconf 82' lang='lat' dir='ltr'><strong>parte</strong></span> <span class='ocrx_word' id='word_1_41' title='bbox 2042 1413 2350 1495; x_wconf 78' lang='lat' dir='ltr'><strong>vertitur,</strong></span> <span class='ocrx_word' id='word_1_42' title='bbox 2396 1413 2755 1499; x_wconf 80' lang='lat' dir='ltr'><strong>habitaque</strong></span> <span class='ocrx_word' id='word_1_43' title='bbox 2812 1436 2961 1479; x_wconf 89' lang='lat' dir='ltr'><strong>cum</strong></span> <span class='ocrx_word' id='word_1_44' title='bbox 3011 1461 3022 1471; x_wconf 88' lang='lat'>.</span> 
     </span>
     <span class='ocr_line' id='line_1_8' title="bbox 947 1515 2962 1604; baseline 0 -24"><span class='ocrx_word' id='word_1_45' title='bbox 947 1517 1106 1604; x_wconf 88' lang='lat' dir='ltr'><strong>ipsis</strong></span> <span class='ocrx_word' id='word_1_46' title='bbox 1151 1519 1387 1589; x_wconf 65' lang='lat' dir='ltr'><strong>debita,</strong></span> <span class='ocrx_word' id='word_1_47' title='bbox 1425 1539 1500 1583; x_wconf 79' lang='lat' dir='ltr'><strong>ac</strong></span> <span class='ocrx_word' id='word_1_48' title='bbox 1544 1517 1854 1604; x_wconf 78' lang='lat' dir='ltr'><strong>diligenti</strong></span> <span class='ocrx_word' id='word_1_49' title='bbox 1899 1516 2295 1582; x_wconf 83' lang='lat' dir='ltr'><strong>discussione</strong></span> <span class='ocrx_word' id='word_1_50' title='bbox 2341 1538 2536 1603; x_wconf 87' lang='lat' dir='ltr'><strong>super</strong></span> <span class='ocrx_word' id='word_1_51' title='bbox 2580 1515 2962 1582; x_wconf 82' lang='lat' dir='ltr'><strong>motricibus</strong></span> 
     </span>
     <span class='ocr_line' id='line_1_9' title="bbox 944 1618 2962 1706; baseline -0.001 -21"><span class='ocrx_word' id='word_1_52' title='bbox 944 1622 1156 1685; x_wconf 83' lang='lat' dir='ltr'><strong>causis</strong></span> <span class='ocrx_word' id='word_1_53' title='bbox 1232 1620 1610 1705; x_wconf 87' lang='lat' dir='ltr'><strong>hujusmodi</strong></span> <span class='ocrx_word' id='word_1_54' title='bbox 1685 1618 2142 1706; x_wconf 82' lang='lat' dir='ltr'><strong>impositionis,</strong></span> <span class='ocrx_word' id='word_1_55' title='bbox 2219 1618 2277 1683; x_wconf 89' lang='lat' dir='ltr'><strong>si</strong></span> <span class='ocrx_word' id='word_1_56' title='bbox 2350 1623 2419 1683; x_wconf 88' lang='lat' dir='ltr'><strong>et</strong></span> <span class='ocrx_word' id='word_1_57' title='bbox 2490 1618 2562 1683; x_wconf 91' lang='lat' dir='ltr'><strong>in</strong></span> <span class='ocrx_word' id='word_1_58' title='bbox 2638 1624 2962 1705; x_wconf 84' lang='lat' dir='ltr'><strong>quantum</strong></span> 
     </span>
     <span class='ocr_line' id='line_1_10' title="bbox 949 1719 2964 1808; baseline -0 -22"><span class='ocrx_word' id='word_1_59' title='bbox 949 1721 1208 1786; x_wconf 87' lang='lat' dir='ltr'><strong>ostendi</strong></span> <span class='ocrx_word' id='word_1_60' title='bbox 1265 1723 1509 1808; x_wconf 89' lang='lat' dir='ltr'><strong>poterit</strong></span> <span class='ocrx_word' id='word_1_61' title='bbox 1556 1722 1732 1807; x_wconf 78' lang='lat' dir='ltr'><strong>ipsas</strong></span> <span class='ocrx_word' id='word_1_62' title='bbox 1795 1743 2022 1788; x_wconf 82' lang='lat' dir='ltr'><strong>causas</strong></span> <span class='ocrx_word' id='word_1_63' title='bbox 2069 1742 2284 1787; x_wconf 80' lang='lat' dir='ltr'><strong>carere</strong></span> <span class='ocrx_word' id='word_1_64' title='bbox 2335 1719 2566 1786; x_wconf 86' lang='lat' dir='ltr'><strong>robore</strong></span> <span class='ocrx_word' id='word_1_65' title='bbox 2608 1720 2799 1806; x_wconf 90' lang='lat' dir='ltr'><strong>juris,</strong></span> <span class='ocrx_word' id='word_1_66' title='bbox 2844 1726 2964 1785; x_wconf 82' lang='lat' dir='ltr'><strong>aut</strong></span> 
     </span>
     <span class='ocr_line' id='line_1_11' title="bbox 949 1823 2960 1910; baseline 0 -23"><span class='ocrx_word' id='word_1_67' title='bbox 949 1824 1020 1887; x_wconf 89' lang='lat' dir='ltr'><strong>in</strong></span> <span class='ocrx_word' id='word_1_68' title='bbox 1074 1824 1299 1910; x_wconf 85' lang='lat' dir='ltr'><strong>aliquo</strong></span> <span class='ocrx_word' id='word_1_69' title='bbox 1353 1825 1669 1890; x_wconf 88' lang='lat' dir='ltr'><strong>terminos</strong></span> <span class='ocrx_word' id='word_1_70' title='bbox 1717 1824 2027 1893; x_wconf 79' lang='lat' dir='ltr'><strong>excedere</strong></span> <span class='ocrx_word' id='word_1_71' title='bbox 2058 1823 2350 1902; x_wconf 77' lang='lat' dir='ltr'><strong>rationis,</strong></span> <span class='ocrx_word' id='word_1_72' title='bbox 2380 1824 2596 1910; x_wconf 89' lang='lat' dir='ltr'><strong>ipsum</strong></span> <span class='ocrx_word' id='word_1_73' title='bbox 2628 1844 2960 1889; x_wconf 77' lang='lat' dir='ltr'><strong>excessum</strong></span> 
     </span>
     <span class='ocr_line' id='line_1_12' title="bbox 944 1927 2966 2014; baseline 0 -25"><span class='ocrx_word' id='word_1_74' title='bbox 944 1947 1092 1991; x_wconf 89' lang='lat' dir='ltr'><strong>cum</strong></span> <span class='ocrx_word' id='word_1_75' title='bbox 1142 1929 1280 1993; x_wconf 82' lang='lat' dir='ltr'><strong>acie</strong></span> <span class='ocrx_word' id='word_1_76' title='bbox 1335 1927 1752 1993; x_wconf 73' lang='lat' dir='ltr'><strong>discretionis</strong></span> <span class='ocrx_word' id='word_1_77' title='bbox 1808 1928 2254 2014; x_wconf 74' lang='lat' dir='ltr'><strong>praescindere,</strong></span> <span class='ocrx_word' id='word_1_78' title='bbox 2318 1931 2405 2008; x_wconf 87' lang='lat' dir='ltr'><strong>et,</strong></span> <span class='ocrx_word' id='word_1_79' title='bbox 2474 1929 2502 1966; x_wconf 73' lang='lat'><strong>⁹</strong></span> <span class='ocrx_word' id='word_1_80' title='bbox 2524 1927 2966 2014; x_wconf 84' lang='lat' dir='ltr'><strong>praescissione</strong></span> 
     </span>
     <span class='ocr_line' id='line_1_13' title="bbox 947 2029 2962 2116; baseline 0.001 -24"><span class='ocrx_word' id='word_1_81' title='bbox 947 2029 1144 2111; x_wconf 70' lang='lat' dir='ltr'><strong>facta,</strong></span> <span class='ocrx_word' id='word_1_82' title='bbox 1177 2050 1730 2116; x_wconf 88' lang='lat' dir='ltr'><strong>unumquemque,</strong></span> <span class='ocrx_word' id='word_1_83' title='bbox 1753 2029 1956 2114; x_wconf 82' lang='lat' dir='ltr'><strong>juxta</strong></span> <span class='ocrx_word' id='word_1_84' title='bbox 1988 2030 2228 2094; x_wconf 85' lang='lat' dir='ltr'><strong>virium</strong></span> <span class='ocrx_word' id='word_1_85' title='bbox 2259 2050 2528 2094; x_wconf 81' lang='lat' dir='ltr'><strong>suarum</strong></span> <span class='ocrx_word' id='word_1_86' title='bbox 2558 2029 2962 2108; x_wconf 70' lang='lat' dir='ltr'><strong>facultatem,</strong></span> 
     </span>
     <span class='ocr_line' id='line_1_14' title="bbox 949 2131 2962 2200; baseline 0 -4"><span class='ocrx_word' id='word_1_87' title='bbox 949 2154 1123 2198; x_wconf 89' lang='lat' dir='ltr'><strong>novo</strong></span> <span class='ocrx_word' id='word_1_88' title='bbox 1199 2133 1545 2197; x_wconf 88' lang='lat' dir='ltr'><strong>solutionis</strong></span> <span class='ocrx_word' id='word_1_89' title='bbox 1621 2132 1913 2197; x_wconf 88' lang='lat' dir='ltr'><strong>subsidio</strong></span> <span class='ocrx_word' id='word_1_90' title='bbox 1989 2131 2297 2198; x_wconf 83' lang='lat' dir='ltr'><strong>canonice</strong></span> <span class='ocrx_word' id='word_1_91' title='bbox 2365 2137 2682 2200; x_wconf 77' lang='lat' dir='ltr'><strong>retaxare.</strong></span> <span class='ocrx_word' id='word_1_92' title='bbox 2793 2134 2962 2199; x_wconf 82' lang='lat' dir='ltr'><strong>Cum</strong></span> 
     </span>
     <span class='ocr_line' id='line_1_15' title="bbox 949 2232 2963 2320; baseline 0.002 -23"><span class='ocrx_word' id='word_1_93' title='bbox 949 2235 1155 2320; x_wconf 88' lang='lat' dir='ltr'><strong>igitur</strong></span> <span class='ocrx_word' id='word_1_94' title='bbox 1184 2233 1255 2298; x_wconf 86' lang='lat' dir='ltr'><strong>in</strong></span> <span class='ocrx_word' id='word_1_95' title='bbox 1287 2234 1555 2301; x_wconf 82' lang='lat' dir='ltr'><strong>Oanone</strong></span> <span class='ocrx_word' id='word_1_96' title='bbox 1585 2233 1841 2299; x_wconf 86' lang='lat' dir='ltr'><strong>nullum</strong></span> <span class='ocrx_word' id='word_1_97' title='bbox 1875 2234 2208 2299; x_wconf 85' lang='lat' dir='ltr'><strong>decretum</strong></span> <span class='ocrx_word' id='word_1_98' title='bbox 2243 2232 2497 2298; x_wconf 89' lang='lat' dir='ltr'><strong>firmius</strong></span> <span class='ocrx_word' id='word_1_99' title='bbox 2545 2254 2741 2319; x_wconf 76' lang='lat' dir='ltr'><strong>quam</strong></span> <span class='ocrx_word' id='word_1_100' title='bbox 2789 2234 2963 2319; x_wconf 90' lang='lat' dir='ltr'><strong>quod</strong></span> 
     </span>
     <span class='ocr_line' id='line_1_16' title="bbox 947 2335 2963 2423; baseline 0 -23"><span class='ocrx_word' id='word_1_101' title='bbox 947 2337 1126 2401; x_wconf 87' lang='lat' dir='ltr'><strong>omni</strong></span> <span class='ocrx_word' id='word_1_102' title='bbox 1181 2340 1508 2401; x_wconf 83' lang='lat' dir='ltr'><strong>statutum</strong></span> <span class='ocrx_word' id='word_1_103' title='bbox 1554 2341 1656 2401; x_wconf 89' lang='lat' dir='ltr'><strong>est</strong></span> <span class='ocrx_word' id='word_1_104' title='bbox 1697 2336 1984 2416; x_wconf 87' lang='lat' dir='ltr'><strong>consili0,</strong></span> <span class='ocrx_word' id='word_1_105' title='bbox 2017 2336 2089 2399; x_wconf 91' lang='lat' dir='ltr'><strong>in</strong></span> <span class='ocrx_word' id='word_1_106' title='bbox 2132 2335 2403 2422; x_wconf 84' lang='lat' dir='ltr'><strong>legeque</strong></span> <span class='ocrx_word' id='word_1_107' title='bbox 2449 2357 2772 2423; x_wconf 80' lang='lat' dir='ltr'><strong>nusquam</strong></span> <span class='ocrx_word' id='word_1_108' title='bbox 2824 2337 2963 2400; x_wconf 83' lang='lat' dir='ltr'><strong>vin-</strong></span> 
     </span>
     <span class='ocr_line' id='line_1_17' title="bbox 947 2436 2964 2524; baseline 0 -22"><span class='ocrx_word' id='word_1_109' title='bbox 947 2439 1167 2503; x_wconf 88' lang='lat' dir='ltr'><strong>culum</strong></span> <span class='ocrx_word' id='word_1_110' title='bbox 1198 2438 1435 2505; x_wconf 82' lang='lat' dir='ltr'><strong>fortius</strong></span> <span class='ocrx_word' id='word_1_111' title='bbox 1467 2458 1663 2522; x_wconf 80' lang='lat' dir='ltr'><strong>quam</strong></span> <span class='ocrx_word' id='word_1_112' title='bbox 1694 2438 1874 2522; x_wconf 89' lang='lat' dir='ltr'><strong>quod</strong></span> <span class='ocrx_word' id='word_1_113' title='bbox 1899 2436 2336 2523; x_wconf 75' lang='lat' dir='ltr'><strong>&#39;singulorum</strong></span> <span class='ocrx_word' id='word_1_114' title='bbox 2372 2437 2828 2524; x_wconf 82' lang='lat' dir='ltr'><strong>consignatum</strong></span> <span class='ocrx_word' id='word_1_115' title='bbox 2862 2442 2964 2503; x_wconf 87' lang='lat' dir='ltr'><strong>est</strong></span> 
     </span>
     <span class='ocr_line' id='line_1_18' title="bbox 946 2538 2959 2627; baseline 0 -23"><span class='ocrx_word' id='word_1_116' title='bbox 946 2540 1183 2627; x_wconf 80' lang='lat' dir='ltr'><strong>sigillo,</strong></span> <span class='ocrx_word' id='word_1_117' title='bbox 1215 2545 1294 2605; x_wconf 90' lang='lat' dir='ltr'><strong>ut</strong></span> <span class='ocrx_word' id='word_1_118' title='bbox 1325 2544 1551 2605; x_wconf 82' lang='lat' dir='ltr'><strong>nostra</strong></span> <span class='ocrx_word' id='word_1_119' title='bbox 1578 2561 1775 2625; x_wconf 89' lang='lat' dir='ltr'><strong>super</strong></span> <span class='ocrx_word' id='word_1_120' title='bbox 1804 2538 1925 2625; x_wconf 85' lang='lat' dir='ltr'><strong>hoc</strong></span> <span class='ocrx_word' id='word_1_121' title='bbox 1956 2538 2238 2616; x_wconf 80' lang='lat' dir='ltr'><strong>vincula,</strong></span> <span class='ocrx_word' id='word_1_122' title='bbox 2269 2538 2519 2625; x_wconf 80' lang='lat' dir='ltr'><strong>pariter</strong></span> <span class='ocrx_word' id='word_1_123' title='bbox 2566 2545 2635 2605; x_wconf 89' lang='lat' dir='ltr'><strong>et</strong></span> <span class='ocrx_word' id='word_1_124' title='bbox 2687 2539 2959 2619; x_wconf 79' lang='lat' dir='ltr'><strong>decreta,</strong></span> 
     </span>
    </p>
   </div>
   <div class='ocr_carea' id='block_1_6' title="bbox 860 2639 2961 2926">
    <p class='ocr_par' dir='ltr' id='par_1_6' title="bbox 860 2639 2961 2926">
     <span class='ocr_line' id='line_1_19' title="bbox 861 2639 2961 2727; baseline 0.001 -21"><span class='ocrx_word' id='word_1_125' title='bbox 861 2650 893 2675; x_wconf 89' lang='lat'><strong>“</strong></span> <span class='ocrx_word' id='word_1_126' title='bbox 941 2641 1351 2727; x_wconf 84' lang='lat' dir='ltr'><strong>singulorum</strong></span> <span class='ocrx_word' id='word_1_127' title='bbox 1397 2639 1425 2679; x_wconf 77' lang='lat'>³</span> <span class='ocrx_word' id='word_1_128' title='bbox 1442 2641 1818 2727; x_wconf 88' lang='lat' dir='ltr'><strong>sigillentur</strong></span> <span class='ocrx_word' id='word_1_129' title='bbox 1869 2660 2204 2721; x_wconf 89' lang='lat' dir='ltr'><strong>consensu,</strong></span> <span class='ocrx_word' id='word_1_130' title='bbox 2248 2640 2827 2727; x_wconf 81' lang='lat' dir='ltr'><strong>approbenturque</strong></span> <span class='ocrx_word' id='word_1_131' title='bbox 2874 2644 2961 2708; x_wconf 82' lang='lat' dir='ltr'><strong>ab</strong></span> 
     </span>
     <span class='ocr_line' id='line_1_20' title="bbox 862 2742 2956 2831; baseline 0 -23"><span class='ocrx_word' id='word_1_132' title='bbox 862 2753 895 2777; x_wconf 88' lang='lat'><strong>“</strong></span> <span class='ocrx_word' id='word_1_133' title='bbox 943 2743 1249 2808; x_wconf 87' lang='lat' dir='ltr'><strong>omnibus</strong></span> <span class='ocrx_word' id='word_1_134' title='bbox 1293 2742 1850 2829; x_wconf 78' lang='lat' dir='ltr'><strong>quemadmodum</strong></span> <span class='ocrx_word' id='word_1_135' title='bbox 1881 2743 1954 2807; x_wconf 90' lang='lat' dir='ltr'><strong>in</strong></span> <span class='ocrx_word' id='word_1_136' title='bbox 2001 2743 2213 2829; x_wconf 91' lang='lat' dir='ltr'><strong>specie</strong></span> <span class='ocrx_word' id='word_1_137' title='bbox 2262 2749 2556 2830; x_wconf 81' lang='lat' dir='ltr'><strong>tangunt</strong></span> <span class='ocrx_word' id='word_1_138' title='bbox 2602 2744 2793 2831; x_wconf 90' lang='lat' dir='ltr'><strong>ipsos,</strong></span> <span class='ocrx_word' id='word_1_139' title='bbox 2828 2745 2956 2810; x_wconf 87' lang='lat' dir='ltr'><strong>hiis</strong></span> 
     </span>
     <span class='ocr_line' id='line_1_21' title="bbox 860 2844 2958 2926; baseline 0 -16"><span class='ocrx_word' id='word_1_140' title='bbox 860 2855 891 2880; x_wconf 80' lang='lat'><strong>‘⁴</strong></span> <span class='ocrx_word' id='word_1_141' title='bbox 940 2845 1184 2911; x_wconf 81' lang='lat' dir='ltr'><strong>nostris</strong></span> <span class='ocrx_word' id='word_1_142' title='bbox 1233 2845 1476 2910; x_wconf 88' lang='lat' dir='ltr'><strong>litteris</strong></span> <span class='ocrx_word' id='word_1_143' title='bbox 1521 2846 1755 2909; x_wconf 81' lang='lat' dir='ltr'><strong>damus</strong></span> <span class='ocrx_word' id='word_1_144' title='bbox 1800 2844 1991 2909; x_wconf 89' lang='lat' dir='ltr'><strong>vobis</strong></span> <span class='ocrx_word' id='word_1_145' title='bbox 2054 2844 2440 2910; x_wconf 83' lang='lat' dir='ltr'><strong>distinctius</strong></span> <span class='ocrx_word' id='word_1_146' title='bbox 2501 2847 2572 2910; x_wconf 90' lang='lat' dir='ltr'><strong>in</strong></span> <span class='ocrx_word' id='word_1_147' title='bbox 2609 2848 2958 2926; x_wconf 54' lang='lat' dir='ltr'><strong>mandatis</strong></span> 
     </span>
    </p>
   </div>
   <div class='ocr_carea' id='block_1_7' title="bbox 858 3262 896 3290">
    <p class='ocr_par' dir='ltr' id='par_1_7' title="bbox 858 3262 896 3290">
     <span class='ocr_line' id='line_1_22' title="bbox 858 3262 896 3290; baseline 0 0"><span class='ocrx_word' id='word_1_148' title='bbox 858 3262 896 3290; x_wconf 64' lang='lat' dir='ltr'><strong>‘l</strong></span> 
     </span>
    </p>
   </div>
   <div class='ocr_carea' id='block_1_8' title="bbox 938 2947 2959 3342">
    <p class='ocr_par' dir='ltr' id='par_1_8' title="bbox 938 2947 2959 3342">
     <span class='ocr_line' id='line_1_23' title="bbox 942 2947 2959 3034; baseline 0.001 -21"><span class='ocrx_word' id='word_1_149' title='bbox 942 2952 1021 3013; x_wconf 88' lang='lat' dir='ltr'><strong>ut</strong></span> <span class='ocrx_word' id='word_1_150' title='bbox 1066 2948 1427 3028; x_wconf 88' lang='lat' dir='ltr'><strong>nobiscum,</strong></span> <span class='ocrx_word' id='word_1_151' title='bbox 1458 2948 1513 3012; x_wconf 89' lang='lat' dir='ltr'><strong>si</strong></span> <span class='ocrx_word' id='word_1_152' title='bbox 1564 2947 1899 3012; x_wconf 89' lang='lat' dir='ltr'><strong>commode</strong></span> <span class='ocrx_word' id='word_1_153' title='bbox 1951 2947 2276 3034; x_wconf 81' lang='lat' dir='ltr'><strong>poteritis,</strong></span> <span class='ocrx_word' id='word_1_154' title='bbox 2307 2949 2377 3011; x_wconf 90' lang='lat' dir='ltr'><strong>in</strong></span> <span class='ocrx_word' id='word_1_155' title='bbox 2398 2948 2543 3032; x_wconf 78' lang='lat' dir='ltr'><strong>jam</strong></span> <span class='ocrx_word' id='word_1_156' title='bbox 2592 2948 2769 3014; x_wconf 80' lang='lat' dir='ltr'><strong>dicto</strong></span> <span class='ocrx_word' id='word_1_157' title='bbox 2814 2971 2959 3015; x_wconf 88' lang='lat' dir='ltr'><strong>nos-</strong></span> 
     </span>
     <span class='ocr_line' id='line_1_24' title="bbox 939 3048 2958 3136; baseline 0 -20"><span class='ocrx_word' id='word_1_158' title='bbox 939 3056 1046 3116; x_wconf 89' lang='lat' dir='ltr'><strong>tro</strong></span> <span class='ocrx_word' id='word_1_159' title='bbox 1095 3049 1403 3136; x_wconf 80' lang='lat' dir='ltr'><strong>Capitulo</strong></span> <span class='ocrx_word' id='word_1_160' title='bbox 1456 3048 1964 3135; x_wconf 67' lang='lat' dir='ltr'><strong>praesentialiter</strong></span> <span class='ocrx_word' id='word_1_161' title='bbox 2015 3048 2179 3125; x_wconf 88' lang='lat' dir='ltr'><strong>sitis,</strong></span> <span class='ocrx_word' id='word_1_162' title='bbox 2209 3049 2295 3114; x_wconf 79' lang='lat' dir='ltr'><strong>ad</strong></span> <span class='ocrx_word' id='word_1_163' title='bbox 2343 3050 2768 3135; x_wconf 69' lang='lat' dir='ltr'><strong>praebendum</strong></span> <span class='ocrx_word' id='word_1_164' title='bbox 2815 3072 2958 3117; x_wconf 87' lang='lat' dir='ltr'><strong>ves·</strong></span> 
     </span>
     <span class='ocr_line' id='line_1_25' title="bbox 938 3150 2957 3239; baseline 0 -22"><span class='ocrx_word' id='word_1_165' title='bbox 938 3160 1115 3218; x_wconf 87' lang='lat' dir='ltr'><strong>trum</strong></span> <span class='ocrx_word' id='word_1_166' title='bbox 1163 3152 1504 3218; x_wconf 89' lang='lat' dir='ltr'><strong>consilium</strong></span> <span class='ocrx_word' id='word_1_167' title='bbox 1541 3164 1609 3216; x_wconf 85' lang='lat' dir='ltr'><strong>et</strong></span> <span class='ocrx_word' id='word_1_168' title='bbox 1639 3171 2026 3216; x_wconf 86' lang='lat' dir='ltr'><strong>consensum</strong></span> <span class='ocrx_word' id='word_1_169' title='bbox 2057 3150 2127 3215; x_wconf 90' lang='lat' dir='ltr'><strong>in</strong></span> <span class='ocrx_word' id='word_1_170' title='bbox 2159 3151 2530 3237; x_wconf 72' lang='lat' dir='ltr'><strong>praemissis.</strong></span> <span class='ocrx_word' id='word_1_171' title='bbox 2619 3152 2957 3239; x_wconf 90' lang='lat' dir='ltr'><strong>Alioquin,</strong></span> 
     </span>
     <span class='ocr_line' id='line_1_26' title="bbox 940 3252 2959 3342; baseline 0 -23"><span class='ocrx_word' id='word_1_172' title='bbox 940 3255 995 3319; x_wconf 91' lang='lat' dir='ltr'><strong>si</strong></span> <span class='ocrx_word' id='word_1_173' title='bbox 1044 3254 1430 3342; x_wconf 74' lang='lat' dir='ltr'><strong>praepeditio</strong></span> <span class='ocrx_word' id='word_1_174' title='bbox 1460 3254 1774 3319; x_wconf 81' lang='lat' dir='ltr'><strong>canonica</strong></span> <span class='ocrx_word' id='word_1_175' title='bbox 1825 3257 1895 3318; x_wconf 89' lang='lat' dir='ltr'><strong>et</strong></span> <span class='ocrx_word' id='word_1_176' title='bbox 1942 3252 2360 3318; x_wconf 79' lang='lat' dir='ltr'><strong>rationabilis</strong></span> <span class='ocrx_word' id='word_1_177' title='bbox 2407 3254 2713 3339; x_wconf 80' lang='lat' dir='ltr'><strong>laqueum</strong></span> <span class='ocrx_word' id='word_1_178' title='bbox 2768 3276 2959 3342; x_wconf 89' lang='lat' dir='ltr'><strong>posu-</strong></span> 
     </span>
    </p>
   </div>
   <div class='ocr_carea' id='block_1_9' title="bbox 857 3356 2958 3445">
    <p class='ocr_par' dir='ltr' id='par_1_9' title="bbox 857 3356 2958 3445">
     <span class='ocr_line' id='line_1_27' title="bbox 857 3356 2958 3445; baseline 0 -23"><span class='ocrx_word' id='word_1_179' title='bbox 857 3368 889 3393; x_wconf 90' lang='lat'><strong>“</strong></span> <span class='ocrx_word' id='word_1_180' title='bbox 936 3359 1063 3423; x_wconf 84' lang='lat' dir='ltr'><strong>erit</strong></span> <span class='ocrx_word' id='word_1_181' title='bbox 1111 3357 1389 3445; x_wconf 86' lang='lat' dir='ltr'><strong>pedibus</strong></span> <span class='ocrx_word' id='word_1_182' title='bbox 1441 3356 1699 3433; x_wconf 69' lang='lat' dir='ltr'><strong>vestr-ie,</strong></span> <span class='ocrx_word' id='word_1_183' title='bbox 1754 3356 1852 3421; x_wconf 79' lang='lat' dir='ltr'><strong>ita</strong></span> <span class='ocrx_word' id='word_1_184' title='bbox 1902 3356 2079 3441; x_wconf 90' lang='lat' dir='ltr'><strong>quod</strong></span> <span class='ocrx_word' id='word_1_185' title='bbox 2128 3377 2263 3421; x_wconf 87' lang='lat' dir='ltr'><strong>non</strong></span> <span class='ocrx_word' id='word_1_186' title='bbox 2316 3356 2621 3442; x_wconf 82' lang='lat' dir='ltr'><strong>poteritis</strong></span> <span class='ocrx_word' id='word_1_187' title='bbox 2671 3358 2811 3422; x_wconf 90' lang='lat' dir='ltr'><strong>sine</strong></span> <span class='ocrx_word' id='word_1_188' title='bbox 2855 3379 2958 3422; x_wconf 79' lang='lat' dir='ltr'><strong>sa-</strong></span> 
     </span>
    </p>
   </div>
   <div class='ocr_carea' id='block_1_10' title="bbox 856 3466 892 3494">
    <p class='ocr_par' dir='ltr' id='par_1_10' title="bbox 856 3466 892 3494">
     <span class='ocr_line' id='line_1_28' title="bbox 856 3466 892 3494; baseline 0 0"><span class='ocrx_word' id='word_1_189' title='bbox 856 3466 892 3494; x_wconf 69' lang='grc' dir='ltr'><strong>(ί</strong></span> 
     </span>
    </p>
   </div>
   <div class='ocr_carea' id='block_1_11' title="bbox 940 3456 2959 3545">
    <p class='ocr_par' dir='ltr' id='par_1_11' title="bbox 940 3456 2959 3545">
     <span class='ocr_line' id='line_1_29' title="bbox 940 3456 2959 3545; baseline -0 -21"><span class='ocrx_word' id='word_1_190' title='bbox 940 3461 1099 3526; x_wconf 86' lang='lat' dir='ltr'><strong>lutis</strong></span> <span class='ocrx_word' id='word_1_191' title='bbox 1160 3458 1504 3545; x_wconf 83' lang='lat' dir='ltr'><strong>dispendio</strong></span> <span class='ocrx_word' id='word_1_192' title='bbox 1564 3460 1781 3545; x_wconf 87' lang='lat' dir='ltr'><strong>ipsum</strong></span> <span class='ocrx_word' id='word_1_193' title='bbox 1843 3456 2151 3543; x_wconf 81' lang='lat' dir='ltr'><strong>laqueum</strong></span> <span class='ocrx_word' id='word_1_194' title='bbox 2213 3468 2563 3537; x_wconf 81' lang='lat' dir='ltr'><strong>conterere,</strong></span> <span class='ocrx_word' id='word_1_195' title='bbox 2626 3461 2696 3522; x_wconf 88' lang='lat' dir='ltr'><strong>et</strong></span> <span class='ocrx_word' id='word_1_196' title='bbox 2755 3458 2959 3524; x_wconf 90' lang='lat' dir='ltr'><strong>libere</strong></span> 
     </span>
    </p>
   </div>
   <div class='ocr_carea' id='block_1_12' title="bbox 855 3561 2956 3647">
    <p class='ocr_par' dir='ltr' id='par_1_12' title="bbox 855 3561 2956 3647">
     <span class='ocr_line' id='line_1_30' title="bbox 855 3561 2956 3647; baseline 0 -22"><span class='ocrx_word' id='word_1_197' title='bbox 855 3570 892 3596; x_wconf 92' lang='lat'><em>“</em></span> <span class='ocrx_word' id='word_1_198' title='bbox 937 3563 1023 3626; x_wconf 83' lang='lat' dir='ltr'><strong>ad</strong></span> <span class='ocrx_word' id='word_1_199' title='bbox 1071 3584 1189 3627; x_wconf 89' lang='lat' dir='ltr'><strong>nos</strong></span> <span class='ocrx_word' id='word_1_200' title='bbox 1237 3561 1518 3647; x_wconf 86' lang='lat' dir='ltr'><strong>dirigere</strong></span> <span class='ocrx_word' id='word_1_201' title='bbox 1563 3565 1816 3626; x_wconf 84' lang='lat' dir='ltr'><strong>vestros</strong></span> <span class='ocrx_word' id='word_1_202' title='bbox 1866 3581 2139 3646; x_wconf 61' lang='lat' dir='ltr'><strong>gressus</strong></span> <span class='ocrx_word' id='word_1_203' title='bbox 2173 3566 2419 3626; x_wconf 85' lang='lat' dir='ltr'><strong>extunc</strong></span> <span class='ocrx_word' id='word_1_204' title='bbox 2469 3565 2956 3646; x_wconf 84' lang='lat' dir='ltr'><strong>procuratorem</strong></span> 
     </span>
    </p>
   </div>
   <div class='ocr_carea' id='block_1_13' title="bbox 859 3668 891 3695">
    <p class='ocr_par' dir='ltr' id='par_1_13' title="bbox 859 3668 891 3695">
     <span class='ocr_line' id='line_1_31' title="bbox 859 3668 891 3695; baseline 0 0"><span class='ocrx_word' id='word_1_205' title='bbox 859 3668 891 3695; x_wconf 68' lang='grc' dir='ltr'><strong>ί(</strong></span> 
     </span>
    </p>
   </div>
   <div class='ocr_carea' id='block_1_14' title="bbox 846 3660 2960 3747">
    <p class='ocr_par' dir='ltr' id='par_1_14' title="bbox 846 3660 2960 3747">
     <span class='ocr_line' id='line_1_32' title="bbox 846 3660 2960 3747; baseline 0 -21"><span class='ocrx_word' id='word_1_206' title='bbox 846 3724 861 3733; x_wconf 85' lang='grc'><strong><em>,</em></strong></span> <span class='ocrx_word' id='word_1_207' title='bbox 939 3662 1128 3727; x_wconf 86' lang='lat' dir='ltr'><strong>vobis</strong></span> <span class='ocrx_word' id='word_1_208' title='bbox 1187 3662 1614 3727; x_wconf 84' lang='lat' dir='ltr'><strong>constituatis</strong></span> <span class='ocrx_word' id='word_1_209' title='bbox 1672 3660 2101 3726; x_wconf 85' lang='lat' dir='ltr'><strong>sufficientem</strong></span> <span class='ocrx_word' id='word_1_210' title='bbox 2161 3666 2230 3726; x_wconf 87' lang='lat' dir='ltr'><strong>et</strong></span> <span class='ocrx_word' id='word_1_211' title='bbox 2291 3661 2620 3741; x_wconf 89' lang='lat' dir='ltr'><strong>idoneum,</strong></span> <span class='ocrx_word' id='word_1_212' title='bbox 2671 3663 2788 3747; x_wconf 91' lang='lat' dir='ltr'><strong>qui</strong></span> <span class='ocrx_word' id='word_1_213' title='bbox 2840 3685 2960 3728; x_wconf 88' lang='lat' dir='ltr'><strong>no-</strong></span> 
     </span>
    </p>
   </div>
   <div class='ocr_carea' id='block_1_15' title="bbox 858 3762 2955 3849">
    <p class='ocr_par' dir='ltr' id='par_1_15' title="bbox 858 3762 2955 3849">
     <span class='ocr_line' id='line_1_33' title="bbox 858 3762 2955 3849; baseline 0.001 -23"><span class='ocrx_word' id='word_1_214' title='bbox 858 3772 890 3798; x_wconf 85' lang='lat'>“</span> <span class='ocrx_word' id='word_1_215' title='bbox 938 3762 1114 3827; x_wconf 89' lang='lat' dir='ltr'><strong>mine</strong></span> <span class='ocrx_word' id='word_1_216' title='bbox 1174 3766 1394 3827; x_wconf 86' lang='lat' dir='ltr'><strong>vestro</strong></span> <span class='ocrx_word' id='word_1_217' title='bbox 1452 3766 1672 3828; x_wconf 84' lang='lat' dir='ltr'><strong>ratum</strong></span> <span class='ocrx_word' id='word_1_218' title='bbox 1732 3767 1803 3827; x_wconf 87' lang='lat' dir='ltr'><strong>et</strong></span> <span class='ocrx_word' id='word_1_219' title='bbox 1846 3768 2111 3848; x_wconf 82' lang='lat' dir='ltr'><strong>gratum</strong></span> <span class='ocrx_word' id='word_1_220' title='bbox 2160 3762 2405 3828; x_wconf 76' lang='lat' dir='ltr'><strong>habeat</strong></span> <span class='ocrx_word' id='word_1_221' title='bbox 2454 3763 2765 3849; x_wconf 88' lang='lat' dir='ltr'><strong>quicquid</strong></span> <span class='ocrx_word' id='word_1_222' title='bbox 2815 3786 2955 3843; x_wconf 84' lang='lat' dir='ltr'><strong>nos,</strong></span> 
     </span>
    </p>
   </div>
   <div class='ocr_carea' id='block_1_16' title="bbox 859 3872 894 3901">
    <p class='ocr_par' dir='ltr' id='par_1_16' title="bbox 859 3872 894 3901">
     <span class='ocr_line' id='line_1_34' title="bbox 859 3872 894 3901; baseline 0.029 -1"><span class='ocrx_word' id='word_1_223' title='bbox 859 3872 894 3901; x_wconf 72' lang='lat' dir='ltr'><strong>‘G</strong></span> 
     </span>
    </p>
   </div>
   <div class='ocr_carea' id='block_1_17' title="bbox 941 3864 2961 3953">
    <p class='ocr_par' dir='ltr' id='par_1_17' title="bbox 941 3864 2961 3953">
     <span class='ocr_line' id='line_1_35' title="bbox 941 3864 2961 3953; baseline 0.001 -23"><span class='ocrx_word' id='word_1_224' title='bbox 941 3865 1024 3931; x_wconf 91' lang='lat' dir='ltr'><strong>de</strong></span> <span class='ocrx_word' id='word_1_225' title='bbox 1072 3887 1394 3931; x_wconf 87' lang='lat' dir='ltr'><strong>consensu</strong></span> <span class='ocrx_word' id='word_1_226' title='bbox 1448 3864 1762 3953; x_wconf 79' lang='lat' dir='ltr'><strong>Capituli,</strong></span> <span class='ocrx_word' id='word_1_227' title='bbox 1817 3865 1888 3929; x_wconf 88' lang='lat' dir='ltr'><strong>in</strong></span> <span class='ocrx_word' id='word_1_228' title='bbox 1920 3864 2051 3929; x_wconf 88' lang='lat' dir='ltr'><strong>hiis</strong></span> <span class='ocrx_word' id='word_1_229' title='bbox 2103 3865 2404 3929; x_wconf 86' lang='lat' dir='ltr'><strong>censibus</strong></span> <span class='ocrx_word' id='word_1_230' title='bbox 2456 3866 2600 3930; x_wconf 89' lang='lat' dir='ltr'><strong>fieri</strong></span> <span class='ocrx_word' id='word_1_231' title='bbox 2654 3866 2961 3933; x_wconf 88' lang='lat' dir='ltr'><strong>decreve-</strong></span> 
     </span>
    </p>
   </div>
   <div class='ocr_carea' id='block_1_18' title="bbox 2571 4142 2952 4152">
    <p class='ocr_par' dir='ltr' id='par_1_18' title="bbox 2571 4142 2952 4152">
     <span class='ocr_line' id='line_1_36' title="bbox 2571 4142 2952 4152; baseline 0 1565"><span class='ocrx_word' id='word_1_232' title='bbox 2571 4142 2952 4152; x_wconf 95' lang='lat' dir='ltr'><strong> </strong></span> 
     </span>
    </p>
   </div>
   <div class='ocr_carea' id='block_1_19' title="bbox 859 3967 2962 4460">
    <p class='ocr_par' dir='ltr' id='par_1_19' title="bbox 859 3967 2962 4460">
     <span class='ocr_line' id='line_1_37' title="bbox 859 3967 2959 4054; baseline 0 -20"><span class='ocrx_word' id='word_1_233' title='bbox 859 3978 895 4003; x_wconf 90' lang='lat'><strong>“</strong></span> <span class='ocrx_word' id='word_1_234' title='bbox 940 3969 1164 4048; x_wconf 85' lang='lat' dir='ltr'><strong>rimus,</strong></span> <span class='ocrx_word' id='word_1_235' title='bbox 1210 3972 1546 4054; x_wconf 84' lang='lat' dir='ltr'><strong>cessetque</strong></span> <span class='ocrx_word' id='word_1_236' title='bbox 1592 3967 1673 4033; x_wconf 87' lang='lat' dir='ltr'><strong>de</strong></span> <span class='ocrx_word' id='word_1_237' title='bbox 1718 3972 1956 4033; x_wconf 82' lang='lat' dir='ltr'><strong>caetero</strong></span> <span class='ocrx_word' id='word_1_238' title='bbox 2018 3988 2322 4033; x_wconf 87' lang='lat' dir='ltr'><strong>murmur</strong></span> <span class='ocrx_word' id='word_1_239' title='bbox 2365 3990 2386 4023; x_wconf 80' lang='lat'><strong>⁴</strong></span> <span class='ocrx_word' id='word_1_240' title='bbox 2477 4016 2918 4035; x_wconf 88' lang='grc'><strong>.....</strong></span> <span class='ocrx_word' id='word_1_241' title='bbox 2922 3969 2959 3995; x_wconf 90' lang='grc'>”</span> 
     </span>
     <span class='ocr_line' id='line_1_38' title="bbox 921 4233 2959 4299; baseline 0.001 -14"><span class='ocrx_word' id='word_1_242' title='bbox 921 4234 1361 4286; x_wconf 70' lang='lat' dir='ltr'><strong>¹Prothomartae‘r1‘s</strong></span> <span class='ocrx_word' id='word_1_243' title='bbox 1383 4235 1434 4284; x_wconf 86' lang='lat' dir='ltr'><strong>in</strong></span> <span class='ocrx_word' id='word_1_244' title='bbox 1456 4234 1570 4285; x_wconf 87' lang='lat' dir='ltr'><strong>MS.</strong></span> <span class='ocrx_word' id='word_1_245' title='bbox 1954 4234 2148 4299; x_wconf 79' lang='lat' dir='ltr'><strong>closing</strong></span> <span class='ocrx_word' id='word_1_246' title='bbox 2191 4242 2304 4299; x_wconf 76' lang='lat' dir='ltr'><strong>part</strong></span> <span class='ocrx_word' id='word_1_247' title='bbox 2350 4233 2408 4284; x_wconf 79' lang='lat' dir='ltr'><strong>of</strong></span> <span class='ocrx_word' id='word_1_248' title='bbox 2441 4234 2529 4285; x_wconf 84' lang='lat' dir='ltr'><strong>the</strong></span> <span class='ocrx_word' id='word_1_249' title='bbox 2572 4244 2740 4287; x_wconf 77' lang='lat' dir='ltr'><strong>assent</strong></span> <span class='ocrx_word' id='word_1_250' title='bbox 2775 4238 2838 4286; x_wconf 81' lang='lat' dir='ltr'><strong>of</strong></span> <span class='ocrx_word' id='word_1_251' title='bbox 2872 4238 2959 4288; x_wconf 83' lang='lat' dir='ltr'><strong>the</strong></span> 
     </span>
     <span class='ocr_line' id='line_1_39' title="bbox 916 4312 2962 4379; baseline 0.002 -17"><span class='ocrx_word' id='word_1_252' title='bbox 916 4316 939 4347; x_wconf 72' lang='lat'>2</span> <span class='ocrx_word' id='word_1_253' title='bbox 952 4315 1242 4379; x_wconf 61' lang='lat' dir='ltr'><strong>praecisione</strong></span> <span class='ocrx_word' id='word_1_254' title='bbox 1262 4313 1317 4362; x_wconf 87' lang='lat' dir='ltr'><strong>in</strong></span> <span class='ocrx_word' id='word_1_255' title='bbox 1339 4313 1455 4364; x_wconf 79' lang='lat' dir='ltr'><strong>MS.</strong></span> <span class='ocrx_word' id='word_1_256' title='bbox 1953 4312 2173 4377; x_wconf 74' lang='lat' dir='ltr'><strong>Chapter</strong></span> <span class='ocrx_word' id='word_1_257' title='bbox 2192 4328 2258 4362; x_wconf 89' lang='lat' dir='ltr'><strong>on</strong></span> <span class='ocrx_word' id='word_1_258' title='bbox 2276 4313 2363 4364; x_wconf 80' lang='lat' dir='ltr'><strong>the</strong></span> <span class='ocrx_word' id='word_1_259' title='bbox 2375 4313 2629 4365; x_wconf 77' lang='lat' dir='ltr'><strong>occasion:</strong></span> <span class='ocrx_word' id='word_1_260' title='bbox 2672 4315 2760 4366; x_wconf 84' lang='lat' dir='ltr'><strong>the</strong></span> <span class='ocrx_word' id='word_1_261' title='bbox 2792 4317 2962 4367; x_wconf 70' lang='lat' dir='ltr'><strong>hiatus</strong></span> 
     </span>
     <span class='ocr_line' id='line_1_40' title="bbox 914 4390 2960 4460; baseline 0.001 -19"><span class='ocrx_word' id='word_1_262' title='bbox 914 4393 937 4424; x_wconf 79' lang='lat'><strong>³</strong></span> <span class='ocrx_word' id='word_1_263' title='bbox 958 4391 1220 4458; x_wconf 73' lang='lat' dir='ltr'><strong>siyillenter</strong></span> <span class='ocrx_word' id='word_1_264' title='bbox 1242 4392 1293 4440; x_wconf 89' lang='lat' dir='ltr'><strong>in</strong></span> <span class='ocrx_word' id='word_1_265' title='bbox 1318 4390 1430 4441; x_wconf 82' lang='lat' dir='ltr'><strong>MS.</strong></span> <span class='ocrx_word' id='word_1_266' title='bbox 1951 4392 2186 4442; x_wconf 79' lang='lat' dir='ltr'><strong>however</strong></span> <span class='ocrx_word' id='word_1_267' title='bbox 2206 4392 2246 4441; x_wconf 86' lang='lat' dir='ltr'><strong>is</strong></span> <span class='ocrx_word' id='word_1_268' title='bbox 2269 4400 2357 4442; x_wconf 90' lang='lat' dir='ltr'><strong>not</strong></span> <span class='ocrx_word' id='word_1_269' title='bbox 2379 4393 2580 4443; x_wconf 83' lang='lat' dir='ltr'><strong>noticed</strong></span> <span class='ocrx_word' id='word_1_270' title='bbox 2620 4393 2674 4444; x_wconf 86' lang='lat' dir='ltr'><strong>in</strong></span> <span class='ocrx_word' id='word_1_271' title='bbox 2713 4395 2797 4446; x_wconf 79' lang='lat' dir='ltr'><strong>the</strong></span> <span class='ocrx_word' id='word_1_272' title='bbox 2819 4397 2960 4460; x_wconf 75' lang='lat' dir='ltr'><strong>pagi-</strong></span> 
     </span>
    </p>
   </div>
   <div class='ocr_carea' id='block_1_20' title="bbox 917 4456 2959 4539">
    <p class='ocr_par' dir='ltr' id='par_1_20' title="bbox 917 4456 2959 4539">
     <span class='ocr_line' id='line_1_41' title="bbox 917 4456 2959 4539; baseline 0.001 -18"><span class='ocrx_word' id='word_1_273' title='bbox 917 4470 939 4502; x_wconf 83' lang='lat'><strong>⁴</strong></span> <span class='ocrx_word' id='word_1_274' title='bbox 962 4472 1036 4521; x_wconf 79' lang='lat' dir='ltr'><strong>At</strong></span> <span class='ocrx_word' id='word_1_275' title='bbox 1074 4469 1173 4520; x_wconf 82' lang='lat' dir='ltr'><strong>this</strong></span> <span class='ocrx_word' id='word_1_276' title='bbox 1207 4469 1348 4534; x_wconf 84' lang='lat' dir='ltr'><strong>point</strong></span> <span class='ocrx_word' id='word_1_277' title='bbox 1371 4468 1479 4532; x_wconf 81' lang='lat' dir='ltr'><strong>(fol.</strong></span> <span class='ocrx_word' id='word_1_278' title='bbox 1504 4456 1568 4518; x_wconf 73' lang='lat'><strong>3&#39;6</strong></span> <span class='ocrx_word' id='word_1_279' title='bbox 1600 4469 1678 4533; x_wconf 86' lang='lat' dir='ltr'><strong>b.)</strong></span> <span class='ocrx_word' id='word_1_280' title='bbox 1702 4484 1733 4519; x_wconf 77' lang='lat' dir='ltr'><strong>a</strong></span> <span class='ocrx_word' id='word_1_281' title='bbox 1755 4467 1860 4520; x_wconf 78' lang='lat' dir='ltr'><strong>leaf</strong></span> <span class='ocrx_word' id='word_1_282' title='bbox 1951 4471 2125 4521; x_wconf 72' lang='lat' dir='ltr'><strong>nation</strong></span> <span class='ocrx_word' id='word_1_283' title='bbox 2171 4470 2230 4520; x_wconf 80' lang='lat' dir='ltr'><strong>of</strong></span> <span class='ocrx_word' id='word_1_284' title='bbox 2272 4471 2359 4522; x_wconf 80' lang='lat' dir='ltr'><strong>the</strong></span> <span class='ocrx_word' id='word_1_285' title='bbox 2403 4472 2624 4534; x_wconf 82' lang='lat' dir='ltr'><strong>volume,</strong></span> <span class='ocrx_word' id='word_1_286' title='bbox 2679 4473 2959 4539; x_wconf 77' lang='lat' dir='ltr'><strong>belonging</strong></span> 
     </span>
    </p>
   </div>
   <div class='ocr_carea' id='block_1_21' title="bbox 849 4547 2957 4694">
    <p class='ocr_par' dir='ltr' id='par_1_21' title="bbox 849 4547 2957 4694">
     <span class='ocr_line' id='line_1_42' title="bbox 849 4547 2957 4617; baseline 0.003 -20"><span class='ocrx_word' id='word_1_287' title='bbox 849 4565 908 4598; x_wconf 88' lang='lat' dir='ltr'><strong>or</strong></span> <span class='ocrx_word' id='word_1_288' title='bbox 926 4549 1091 4599; x_wconf 74' lang='lat' dir='ltr'><strong>leaves</strong></span> <span class='ocrx_word' id='word_1_289' title='bbox 1115 4562 1198 4598; x_wconf 81' lang='lat' dir='ltr'><strong>are</strong></span> <span class='ocrx_word' id='word_1_290' title='bbox 1215 4547 1454 4612; x_wconf 50' lang='lat' dir='ltr'><strong>missin&amp;</strong></span> <span class='ocrx_word' id='word_1_291' title='bbox 1488 4548 1573 4597; x_wconf 83' lang='lat' dir='ltr'><strong>the</strong></span> <span class='ocrx_word' id='word_1_292' title='bbox 1597 4562 1852 4598; x_wconf 77' lang='lat' dir='ltr'><strong>summons</strong></span> <span class='ocrx_word' id='word_1_293' title='bbox 1949 4548 2196 4613; x_wconf 78' lang='lat' dir='ltr'><strong>probably</strong></span> <span class='ocrx_word' id='word_1_294' title='bbox 2230 4556 2285 4599; x_wconf 80' lang='lat' dir='ltr'><strong>to</strong></span> <span class='ocrx_word' id='word_1_295' title='bbox 2323 4550 2414 4600; x_wconf 83' lang='lat' dir='ltr'><strong>the</strong></span> <span class='ocrx_word' id='word_1_296' title='bbox 2447 4552 2586 4616; x_wconf 78' lang='lat' dir='ltr'><strong>early</strong></span> <span class='ocrx_word' id='word_1_297' title='bbox 2628 4560 2739 4617; x_wconf 75' lang='lat' dir='ltr'><strong>part</strong></span> <span class='ocrx_word' id='word_1_298' title='bbox 2781 4553 2847 4602; x_wconf 78' lang='lat' dir='ltr'><strong>of</strong></span> <span class='ocrx_word' id='word_1_299' title='bbox 2869 4553 2957 4605; x_wconf 82' lang='lat' dir='ltr'><strong>the</strong></span> 
     </span>
     <span class='ocr_line' id='line_1_43' title="bbox 851 4624 2328 4694; baseline 0.001 -18"><span class='ocrx_word' id='word_1_300' title='bbox 851 4627 1117 4677; x_wconf 74' lang='lat' dir='ltr'><strong>addreosed</strong></span> <span class='ocrx_word' id='word_1_301' title='bbox 1140 4633 1194 4676; x_wconf 88' lang='lat' dir='ltr'><strong>to</strong></span> <span class='ocrx_word' id='word_1_302' title='bbox 1216 4625 1302 4675; x_wconf 84' lang='lat' dir='ltr'><strong>the</strong></span> <span class='ocrx_word' id='word_1_303' title='bbox 1326 4626 1495 4675; x_wconf 86' lang='lat' dir='ltr'><strong>Priors</strong></span> <span class='ocrx_word' id='word_1_304' title='bbox 1519 4624 1583 4674; x_wconf 79' lang='lat' dir='ltr'><strong>of</strong></span> <span class='ocrx_word' id='word_1_305' title='bbox 1606 4625 1693 4675; x_wconf 78' lang='lat' dir='ltr'><strong>the</strong></span> <span class='ocrx_word' id='word_1_306' title='bbox 1717 4624 1849 4675; x_wconf 71' lang='lat' dir='ltr'><strong>Cella</strong></span> <span class='ocrx_word' id='word_1_307' title='bbox 1956 4627 2073 4677; x_wconf 83' lang='lat' dir='ltr'><strong>17th</strong></span> <span class='ocrx_word' id='word_1_308' title='bbox 2100 4636 2328 4694; x_wconf 79' lang='lat' dir='ltr'><strong>century.</strong></span> 
     </span>
    </p>
   </div>
   <div class='ocr_carea' id='block_1_22' title="bbox 849 4706 891 4756">
    <p class='ocr_par' dir='ltr' id='par_1_22' title="bbox 849 4706 891 4756">
     <span class='ocr_line' id='line_1_44' title="bbox 849 4706 891 4756; baseline 0.048 -2"><span class='ocrx_word' id='word_1_309' title='bbox 849 4706 891 4756; x_wconf 80' lang='lat' dir='ltr'><strong>is</strong></span> 
     </span>
    </p>
   </div>
   <div class='ocr_carea' id='block_1_23' title="bbox 930 4702 1844 4771">
    <p class='ocr_par' dir='ltr' id='par_1_23' title="bbox 930 4702 1844 4771">
     <span class='ocr_line' id='line_1_45' title="bbox 930 4702 1844 4771; baseline 0.001 -17"><span class='ocrx_word' id='word_1_310' title='bbox 930 4712 1014 4754; x_wconf 87' lang='lat' dir='ltr'><strong>cut</strong></span> <span class='ocrx_word' id='word_1_311' title='bbox 1035 4704 1192 4764; x_wconf 85' lang='lat' dir='ltr'><strong>short,</strong></span> <span class='ocrx_word' id='word_1_312' title='bbox 1230 4704 1380 4771; x_wconf 81' lang='lat' dir='ltr'><strong>being</strong></span> <span class='ocrx_word' id='word_1_313' title='bbox 1402 4702 1631 4755; x_wconf 77' lang='lat' dir='ltr'><strong>followed</strong></span> <span class='ocrx_word' id='word_1_314' title='bbox 1664 4704 1735 4769; x_wconf 79' lang='lat' dir='ltr'><strong>by</strong></span> <span class='ocrx_word' id='word_1_315' title='bbox 1758 4703 1844 4755; x_wconf 86' lang='lat' dir='ltr'><strong>the</strong></span> 
     </span>
    </p>
   </div>
  </div>
 </body>
</html>
