3467 5717
850 848 939 909 88
1505 859 1823 910 ANNALsss
1865 859 2287 910 MONASTERII

516 1069 826 1127 nul-1213.
854 1049 891 1078 “
936 1043 1158 1108 valeas
1207 1064 1379 1108 unus
1426 1065 1511 1108 ex
1559 1043 2025 1110 ¹mercenariis
2055 1044 2319 1121 nostris,
2365 1064 2486 1107 nos
2529 1041 2702 1106 hanc
2745 1041 2959 1107 humi·

855 1152 892 1180 “
936 1145 1151 1210 litatis
1199 1146 1624 1212 advertentes
1685 1168 1960 1232 precem,
2016 1154 2224 1227 tuam,
2291 1147 2362 1209 in
2422 1151 2748 1231 quantum
2810 1168 2960 1211 cum

857 1255 894 1284 “
930 1249 1082 1333 jure
1135 1250 1512 1334 poteriunu3‚
1545 1249 2045 1315 submissionem
2099 1248 2536 1327 admittimus,
2567 1252 2780 1333 teque,
2811 1270 2960 1312 cum

856 1358 892 1385 “
936 1351 1130 1436 pleno
1160 1351 1438 1415 fratrum
1486 1372 1823 1430 consensu,
1852 1351 2147 1415 fraterno
2192 1349 2465 1435 collegio
2496 1348 2955 1429 consociamus,

854 1460 889 1489 “
935 1454 1382 1519 exorcizantes
1457 1475 1574 1540 per
1651 1454 1866 1518 Deum
1941 1454 2196 1529 vivum,
2259 1451 2769 1537 adjurantesque
2843 1473 2958 1537 per

854 1562 891 1591 “
937 1554 1203 1621 Ihesum
1255 1556 1612 1635 Christum,
1656 1561 1735 1619 ut
1782 1555 2004 1621 taliter
2051 1560 2311 1641 tempus
2354 1553 2771 1640 deperditum
2819 1561 2958 1620 stu-

852 1664 885 1692 “
938 1657 1090 1722 deas
1110 1657 1253 1743 jam
1300 1657 1542 1722 iterum
1588 1658 1928 1734 redimere,
1981 1663 2311 1742 quatenus
2355 1678 2474 1743 per
2522 1663 2716 1721 tuum
2746 1679 2955 1722 acces-

855 1766 888 1793 “
935 1780 1082 1822 sum
1160 1762 1424 1823 tantam
1502 1758 1760 1824 tribuas
1821 1759 2211 1824 stabilitatis
2274 1759 2639 1840 materiam,
2702 1764 2957 1843 quanta

855 1870 890 1895 “
937 1860 1239 1926 exhibita
1297 1862 1517 1927 suerat
1565 1862 1861 1948 vagandi
1922 1862 2169 1927 occasio
2224 1883 2338 1947 per
2385 1865 2576 1925 tuum
2632 1882 2954 1927 recessum

865 1969 904 1999 “
952 1963 1261 2042 flebilem,
1289 1969 1361 2028 et
1405 1963 1816 2029 anormalam
1862 1961 2472 2028 exorbitationem.''

949 2062 975 2102 2
995 2065 1086 2131 Et
1117 2065 1237 2131 hac
1281 2065 1719 2131 admiratione
1768 2066 1958 2144 facta,
2006 2065 2209 2153 coepit
2244 2065 2570 2152 posterius
2610 2064 2823 2131 dicere
2867 2067 2954 2132 ad

851 2169 1362 2247 circumstantes,
1410 2168 1535 2233 sub
1580 2168 1710 2233 ista
1754 2168 1969 2234 forma
1992 2193 2104 2233 :—

512 2303 698 2355 Verses
944 2299 979 2329 “
1025 2293 1328 2358 Pondera
1372 2293 1488 2378 qui
1534 2293 1815 2379 plaustri
1861 2293 2221 2373 dimiserat,
2268 2298 2337 2358 ct
2370 2291 2541 2378 juga
2584 2292 2874 2373 claustri,

512 2373 747 2500 ffipffiffd
942 2403 981 2430 “
1024 2395 1178 2461 Jam
1224 2396 1398 2482 petit
1443 2396 1581 2461 haec
1626 2396 1913 2475 iterum3
1960 2395 2304 2461 dimissum
2350 2416 2579 2460 rursus
2623 2401 2918 2460 aratrum

510 2505 732 2621 3223„-
939 2506 975 2533 “
1025 2498 1296 2577 Quaerit,
1343 2503 1413 2563 et
1456 2499 1793 2583 inceptum
1839 2498 2005 2564 benc
2050 2497 2308 2584 perficit
2354 2496 2587 2562 ordine
2632 2497 2897 2563 sulcum.

941 2607 975 2635 “
1021 2599 1259 2684 Sicque
1304 2620 1515 2685 vagus
1557 2600 1764 2666 frater
1804 2600 2023 2666 fuerat
2068 2601 2183 2685 qui
2227 2603 2404 2664 sorte
2449 2599 2736 2678 sinister,

936 2709 975 2737 “
1019 2701 1128 2766 Sit
1175 2701 1411 2766 dexter
1454 2701 1805 2788 lacrymis3
1851 2704 1941 2767 sit
1984 2701 2192 2767 frater
2234 2701 2556 2766 fratribus
2601 2696 2779 2789 ipsis,

938 2812 973 2838 “
1021 2803 1200 2882 Quos
1244 2803 1415 2869 male
1460 2804 1731 2881 dimisit,
1767 2804 2063 2871 bullatus
2108 2805 2266 2869 dum
2309 2804 2438 2868 sibi
2484 2805 2675 2870 vixit.

936 2914 973 2941 “
1020 2905 1150 2969 Res
1193 2905 1286 2969 sit
1327 2905 1400 2969 in
1446 2907 1747 2992 exemplo
1793 2929 2098 2992 pecorum
2143 2906 2506 2991 cuicunque
2551 2908 2883 2994 magistre,

933 3015 968 3044 ‘⁴
1018 3009 1615 3092 Quantumcunque
1661 3029 1831 3095 vago
1878 3008 1992 3075 det
2037 3014 2107 3074 et
2135 3009 2307 3074 hanc
2335 3008 2601 3073 veniam
2631 3009 2942 3091 reditum,

930 3120 962 3145 “
1008 3110 1108 3175 Ac
1152 3109 1270 3174 ubi
1316 3116 1617 3196 peccator
1661 3109 1963 3176 miserere
2008 3116 2215 3198 rogat,
2259 3110 2617 3178 miserator.

1022 3220 1059 3247 “
1106 3211 1208 3277 Ut
1254 3211 1420 3277 velit
1465 3212 1606 3298 ipse
1653 3212 1783 3278 tibi
1829 3235 2107 3300 parcere,
2156 3235 2346 3299 parce
2391 3213 2535 3278 sibi.

932 3322 964 3351 “
1013 3314 1086 3380 Si
1130 3314 1302 3401 regis
1346 3319 1414 3379 et
1458 3315 1700 3401 regeris
1746 3320 1925 3382 recta
1969 3316 2226 3381 ratione
2270 3316 2559 3404 regendi,

926 3427 962 3453 ‘⁴
1009 3417 1114 3482 Sis
1160 3418 1308 3502 pius
1353 3417 1424 3482 in
1470 3418 1745 3496 miseris,
1790 3418 1901 3505 pia
1942 3440 2046 3484 res
2091 3424 2192 3484 est
2237 3419 2346 3483 lex
2392 3419 2756 3485 miserendi.

930 3528 965 3555 “
1013 3520 1112 3585 Ac
1156 3519 1272 3584 ubi
1318 3521 1465 3605 quis
1510 3522 1717 3585 fessus
1754 3521 1922 3608 juga
1966 3521 2275 3586 discussit
2319 3521 2764 3600 monachatus,

928 3629 965 3655 “
1012 3620 1086 3685 Si
1130 3621 1500 3704 lacrymans
1545 3628 1822 3709 repetat,
1867 3645 2122 3710 semper
2166 3623 2294 3688 sibi
2338 3624 2557 3711 gratia
2598 3624 2734 3690 fiat.

926 3731 961 3758 “
1006 3722 1191 3787 Dans
1236 3723 1492 3789 miseris
1530 3725 1809 3803 veniam,
1857 3726 2055 3791 miser
2096 3725 2235 3813 ipse
2280 3727 2547 3793 mereris
2590 3728 2904 3808 eandem;

1017 3832 1051 3861 “
1100 3824 1438 3912 Qualeque
1484 3829 1856 3908 contuleris,
1905 3830 2035 3896 tale
2081 3829 2240 3916 quid
2284 3828 2698 3917 assequeris?

848 4044 1055 4053 ...as———ae

902 4179 918 4210 ¹
942 4177 1004 4228 In
1028 4177 1237 4229 allusion
1261 4184 1314 4228 ω
1336 4175 1478 4227 Lake
1499 4195 1585 4229 xv.
1611 4182 1686 4228 19.
1916 4192 2000 4230 are
2035 4177 2233 4230 written
2254 4178 2306 4228 in
2329 4177 2415 4229 the
2432 4178 2639 4245 margin,
2659 4177 2710 4229 in
2727 4193 2935 4230 asume-

898 4256 921 4288 ²
942 4256 1110 4308 Theos
1132 4257 1312 4319 words,
1336 4261 1368 4286 “
1387 4256 1465 4307 Ee
1485 4292 1499 4307 .
1535 4294 1548 4310 .
1585 4295 1597 4308 .
1618 4259 1845 4323 forma,’'
1919 4260 2054 4310 what
2071 4259 2196 4311 later
2215 4259 2366 4310 hand.
