3467 5717
1348 845 1707 897 Arrnnmx
1756 831 1880 917 (n).
2528 835 2652 901 441

558 1033 828 1118 Bevere‚
861 1035 1198 1122 quondam
1230 1034 1555 1122 Supprior
1581 1034 1781 1121 hujus
1810 1034 2213 1118 monasterii,
2244 1036 2396 1104 albo
2440 1036 2662 1126 lapide

556 1136 756 1224 plano
801 1136 1017 1203 eidem
1061 1139 1476 1225 superposito
1505 1163 1611 1204 :—

650 1263 685 1291 “
730 1253 1052 1344 Supprior
1095 1256 1205 1323 hic
1247 1256 1485 1338 fuerat,
1518 1278 1717 1344 quem
1749 1279 1910 1323 saxa
1952 1263 2280 1345 premunt,
2315 1278 2619 1344 operosus
2648 1282 2665 1340 ;

650 1364 685 1393 “
732 1357 867 1424 Hic
909 1358 1064 1424 dum
1114 1358 1330 1436 vivus,
1376 1364 1523 1425 erat
1567 1357 1945 1425 claustralis
1991 1356 2397 1446 religiosus.''

646 1476 864 1542 Juxta
907 1499 1121 1563 quem,
1168 1498 1396 1543 versus
1443 1476 1894 1558 Occidentem,
1941 1477 2124 1563 jacet
2169 1477 2496 1544 Dominus
2538 1477 2665 1546 Jo-

555 1577 810 1643 hannes
869 1579 1224 1657 Howtone,
1285 1579 1597 1644 similiter
1639 1579 1960 1665 Supprior
2019 1579 2218 1666 hujus
2262 1580 2662 1660 monasterii,

557 1681 680 1746 sub
727 1681 878 1746 albo
919 1680 1158 1769 lapide,
1190 1686 1261 1748 et
1305 1681 1589 1769 simplici
1626 1681 1965 1769 epitaphio
2011 1704 2158 1748 cum
2205 1683 2507 1749 versibus
2552 1683 2666 1749 de-

555 1783 819 1871 scripto,
932 1783 1225 1849 Inferius
1284 1805 1460 1863 vero,
1522 1783 1647 1851 sub
1708 1784 1931 1850 tribus
2001 1783 2336 1871 lapidibus
2412 1785 2664 1871 simpli-

557 1884 760 1967 cibus,
806 1885 990 1950 nullo
1039 1884 1377 1973 epitaphio
1424 1885 1795 1968 memorati,
1832 1885 2063 1971 jacent
2106 1890 2242 1951 tres
2288 1885 2418 1950 viri
2468 1886 2664 1952 valde

556 1987 1031 2069 memorabiles,
1092 1987 1426 2070 videlicet,
1493 1987 1825 2053 Dominus
1884 1987 2208 2053 Nicolaus
2268 1986 2664 2068 Flamstede,

556 2094 625 2155 et
685 2090 1013 2156 Dominus
1073 2089 1361 2156 Thomas
1412 2089 1795 2177 Rysborwe,
1851 2089 2104 2155 Doctor
2147 2089 2541 2177 Theologiae,
2595 2096 2665 2158 et

557 2189 887 2257 Dominus
938 2191 1224 2257 Thomas
1269 2190 1678 2278 Aylysbury,
1739 2189 1941 2277 hujus
1983 2192 2370 2258 monasterii
2430 2193 2664 2259 Archi·

557 2293 889 2371 diacoan
939 2294 1193 2361 Doctor
1250 2294 1324 2358 in
1372 2294 1691 2373 Decretis,
1739 2294 1858 2380 qui
1915 2294 2236 2360 fenestras
2298 2298 2368 2359 et
2412 2294 2663 2361 voltam

556 2394 852 2461 vestiarii
880 2395 1038 2462 fecit
1064 2395 1229 2464 fieri.
1322 2395 1620 2477 Quorum
1649 2394 1878 2461 laudes
1908 2400 1978 2461 et
2008 2395 2328 2462 beneficia
2350 2394 2422 2459 in
2452 2396 2664 2465 Libro

556 2495 1078 2584 Beanaotorum
1125 2519 1262 2564 non
1305 2497 1639 2564 immerito
1682 2502 2138 2566 numerantur.

644 2598 930 2665 Inferius
1005 2599 1230 2681 etiam,
1306 2604 1499 2666 extra
1561 2599 2043 2666 interclausum
2118 2599 2524 2687 praedictum,
2589 2601 2664 2667 in

556 2700 785 2766 eadem
859 2701 1021 2767 navi
1081 2700 1388 2767 Ecclesiae
1445 2700 1628 2786 jacet
1695 2700 2069 2766 Willelmus
2147 2699 2485 2788 Gobyone‚
2545 2702 2663 2768 ubi

555 2802 789 2868 diebus
833 2802 1202 2869 Dominicis
1248 2802 1453 2868 Missa
1498 2801 1716 2888 Major
1761 2801 2119 2868 stationem
2179 2801 2378 2869 facit:
2424 2807 2494 2870 et
2539 2805 2662 2870 sub

554 2903 812 2970 duobus
878 2903 1211 2993 lapidibus
1272 2904 1673 2985 marmoreiS,
1733 2925 1967 2969 versus
2041 2901 2067 2941 ¹
2086 2903 2383 2983 Boream,
2435 2905 2663 2992 jacent

554 3006 776 3072 Adam
807 3006 1077 3092 Raulyn
1108 3010 1178 3072 et
1206 3005 1440 3086 Alicia,
1472 3027 1645 3071 uxor
1674 3004 1959 3090 ejusdem
1986 3031 2004 3086 3
2036 3027 2316 3092 quorum
2344 3007 2663 3073 beneficia

554 3106 731 3173 inter
806 3112 1078 3175 caeteros
1153 3106 1615 3173 Benefactores
1691 3107 2083 3173 Monasterii
2157 3106 2321 3172 alias
2394 3129 2660 3175 enume-

553 3213 840 3291 rantur3
906 3230 1055 3295 quae
1115 3208 1334 3274 Alicia
1381 3208 1641 3295 pelvem
1700 3213 2102 3297 argenteam,
2157 3230 2376 3275 coram
2423 3209 2661 3278 feretro

553 3310 783 3377 Sancti
828 3310 1075 3376 Albani
1114 3309 1619 3397 dependentem,
1661 3310 1802 3376 fieri
1851 3309 2029 3379 fecit.
2117 3310 2336 3376 Juxta
2379 3333 2661 3398 quorum

552 3412 845 3480 tumulos
879 3412 1061 3499 jacet
1103 3411 1152 3479 J
1157 3411 1445 3478 ohannes
1484 3411 1833 3498 Quyntyn‚
1885 3412 2043 3477 olim
2096 3413 2386 3479 serviens
2433 3413 2662 3481 Refec-

552 3514 801 3597 torarii,
876 3514 1000 3580 sub
1059 3514 1282 3603 lapide
1342 3514 1561 3601 plano,
1620 3514 1809 3580 nullo
1876 3511 1902 3553 ²
1925 3514 2263 3601 epitaphio
2338 3515 2662 3586 decorato,

552 3616 839 3682 Inferius
883 3638 1059 3700 vero,
1113 3637 1344 3682 versus
1408 3614 1851 3697 Occidentem,
1907 3613 2088 3702 jacet
2133 3617 2257 3682 sub
2330 3616 2664 3704 lapidibus

552 3718 935 3785 marmoreis
978 3725 1049 3784 et
1094 3717 1449 3806 epitaphiis
1491 3716 1903 3805 perpulchris
1950 3718 2245 3784 seriatim
2291 3718 2664 3787 Willelmus

555 3822 820 3908 Fymer,
898 3819 1058 3886 olim
1147 3818 1423 3885 Domini
1497 3819 1769 3886 Thomae
1858 3819 2143 3887 Abbatis
2218 3822 2660 3904 Marescallus,

556 3922 605 3990 J
608 3923 908 3989 ohannes
985 3921 1443 4008 Whyttwelle,
1522 3921 1721 4008 hujus
1789 3922 2172 3989 monasterii
2237 3923 2661 4005 senescallus,

553 4027 875 4113 Magister
930 4024 1302 4090 Willelmus
1345 4025 1664 4104 Burtone,
1724 4022 1998 4088 clericus
2044 4023 2532 4105 Archidiaconi,
2595 4031 2664 4092 et

556 4126 881 4214 Magister
955 4124 1334 4191 Willelmus
1397 4126 1702 4206 Burcote‚
1777 4124 2066 4190 famosus
2140 4124 2509 4206 ³Notarius,
2595 4133 2665 4194 et

552 4229 842 4295 Thomas
907 4227 1220 4294 Hosteler
1282 4230 1353 4294 et
1414 4226 1693 4308 Lavina,
1757 4247 1932 4292 uxor
1997 4226 2308 4312 ejusdem,
2371 4228 2453 4294 de
2501 4229 2666 4296 villa

552 4331 784 4397 Sancti
831 4329 1098 4412 Albani,
1146 4329 1433 4395 Thomas
1482 4327 1825 4416 Sywarde‚
1868 4328 2041 4416 juris
2085 4334 2283 4396 terrae
2326 4332 2665 4419 apprenti-

553 4433 694 4498 cius
720 4458 738 4516 ;
785 4432 974 4518 cujus
1004 4430 1232 4497 laudes
1264 4435 1333 4496 et
1372 4431 1701 4517 praeconia
1728 4430 2058 4496 resultant
2089 4430 2160 4496 in
2204 4431 2327 4498 hac
2372 4433 2657 4501 ecclesia.

620 4726 632 4757 ¹
658 4724 869 4776 Bor-iam
891 4724 945 4774 in
967 4723 1082 4776 MS.
1727 4724 1750 4757 ³
1773 4723 1869 4776 See
1902 4724 1987 4776 the
2015 4722 2173 4777 Gaea
2196 4723 2457 4791 Abbatum,
2479 4725 2661 4791 Index,

622 4805 644 4840 ²
666 4803 945 4876 epithaphio
966 4804 1021 4855 in
1042 4802 1158 4856 MS.
1658 4819 1707 4870 p.
1733 4809 1846 4860 572.
