<?xml version="1.0" encoding="UTF-8"?>
<!DOCTYPE html PUBLIC "-//W3C//DTD XHTML 1.0 Transitional//EN"
    "http://www.w3.org/TR/xhtml1/DTD/xhtml1-transitional.dtd">
<html xmlns="http://www.w3.org/1999/xhtml" xml:lang="en" lang="en">
 <head>
  <title>
</title>
<meta http-equiv="Content-Type" content="text/html;charset=utf-8" />
  <meta name='ocr-system' content='tesseract 3.04.00' />
  <meta name='ocr-capabilities' content='ocr_page ocr_carea ocr_par ocr_line ocrx_word'/>
</head>
<body>
  <div class='ocr_page' id='page_1' title='image "./annalesmonaster00unkngoog_0356.png"; bbox 0 0 3467 5717; ppageno 0'>
   <div class='ocr_carea' id='block_1_1' title="bbox 803 798 2258 863">
    <p class='ocr_par' dir='ltr' id='par_1_1' title="bbox 803 798 2258 863">
     <span class='ocr_line' id='line_1_1' title="bbox 803 798 2258 863; baseline -0.003 -2"><span class='ocrx_word' id='word_1_1' title='bbox 803 798 933 863; x_wconf 82' lang='lat'><strong>290</strong></span> <span class='ocrx_word' id='word_1_2' title='bbox 1468 804 1787 858; x_wconf 64' lang='lat' dir='ltr'><strong>Annuus</strong></span> <span class='ocrx_word' id='word_1_3' title='bbox 1830 805 2258 858; x_wconf 69' lang='lat' dir='ltr'><strong>nonmnnn</strong></span> 
     </span>
    </p>
   </div>
   <div class='ocr_carea' id='block_1_2' title="bbox 465 992 2921 4576">
    <p class='ocr_par' dir='ltr' id='par_1_2' title="bbox 465 992 2921 4576">
     <span class='ocr_line' id='line_1_2' title="bbox 465 992 2908 1074; baseline -0.003 -9"><span class='ocrx_word' id='word_1_4' title='bbox 465 995 772 1056; x_wconf 70' lang='lat' dir='ltr'><strong>A·1’·¹‘¹3⁰›¹·</strong></span> <span class='ocrx_word' id='word_1_5' title='bbox 801 1003 839 1034; x_wconf 91' lang='lat'><strong>“</strong></span> <span class='ocrx_word' id='word_1_6' title='bbox 884 996 1170 1064; x_wconf 90' lang='lat' dir='ltr'><strong>officium</strong></span> <span class='ocrx_word' id='word_1_7' title='bbox 1232 995 1442 1074; x_wconf 88' lang='lat' dir='ltr'><strong>nobis,</strong></span> <span class='ocrx_word' id='word_1_8' title='bbox 1504 994 1661 1061; x_wconf 88' lang='lat' dir='ltr'><strong>licet</strong></span> <span class='ocrx_word' id='word_1_9' title='bbox 1714 993 2082 1072; x_wconf 86' lang='lat' dir='ltr'><strong>immeritis,</strong></span> <span class='ocrx_word' id='word_1_10' title='bbox 2142 1012 2226 1059; x_wconf 84' lang='lat' dir='ltr'><strong>ex</strong></span> <span class='ocrx_word' id='word_1_11' title='bbox 2269 992 2411 1059; x_wconf 86' lang='lat' dir='ltr'><strong>alto</strong></span> <span class='ocrx_word' id='word_1_12' title='bbox 2469 992 2908 1068; x_wconf 88' lang='lat' dir='ltr'><strong>commissum,</strong></span> 
     </span>
     <span class='ocr_line' id='line_1_3' title="bbox 799 1094 2910 1167; baseline -0.003 -1"><span class='ocrx_word' id='word_1_13' title='bbox 799 1107 837 1136; x_wconf 90' lang='lat'><em>“</em></span> <span class='ocrx_word' id='word_1_14' title='bbox 882 1122 1032 1167; x_wconf 91' lang='lat' dir='ltr'><strong>cum</strong></span> <span class='ocrx_word' id='word_1_15' title='bbox 1079 1099 1491 1165; x_wconf 87' lang='lat' dir='ltr'><strong>ecclesiarum</strong></span> <span class='ocrx_word' id='word_1_16' title='bbox 1541 1102 1611 1164; x_wconf 89' lang='lat' dir='ltr'><strong>et</strong></span> <span class='ocrx_word' id='word_1_17' title='bbox 1654 1097 2202 1163; x_wconf 67' lang='lat' dir='ltr'><strong>monasteriorum</strong></span> <span class='ocrx_word' id='word_1_18' title='bbox 2249 1094 2560 1162; x_wconf 81' lang='lat' dir='ltr'><strong>maximae</strong></span> <span class='ocrx_word' id='word_1_19' title='bbox 2592 1096 2910 1161; x_wconf 75' lang='lat' dir='ltr'><strong>Romanae</strong></span> 
     </span>
     <span class='ocr_line' id='line_1_4' title="bbox 800 1196 2914 1286; baseline -0.002 -18"><span class='ocrx_word' id='word_1_20' title='bbox 800 1212 837 1238; x_wconf 89' lang='lat'><strong>“</strong></span> <span class='ocrx_word' id='word_1_21' title='bbox 883 1203 1191 1270; x_wconf 65' lang='lat' dir='ltr'><strong>Ecclesiae</strong></span> <span class='ocrx_word' id='word_1_22' title='bbox 1229 1201 1607 1267; x_wconf 84' lang='lat' dir='ltr'><strong>immediate</strong></span> <span class='ocrx_word' id='word_1_23' title='bbox 1652 1199 2115 1286; x_wconf 84' lang='lat' dir='ltr'><strong>subjectorum,</strong></span> <span class='ocrx_word' id='word_1_24' title='bbox 2163 1203 2419 1265; x_wconf 87' lang='lat' dir='ltr'><strong>statum</strong></span> <span class='ocrx_word' id='word_1_25' title='bbox 2467 1196 2914 1286; x_wconf 88' lang='lat' dir='ltr'><strong>quorumlibet</strong></span> 
     </span>
     <span class='ocr_line' id='line_1_5' title="bbox 801 1301 2913 1392; baseline -0.003 -19"><span class='ocrx_word' id='word_1_26' title='bbox 801 1315 836 1345; x_wconf 91' lang='lat'><strong>“</strong></span> <span class='ocrx_word' id='word_1_27' title='bbox 881 1308 955 1373; x_wconf 92' lang='lat' dir='ltr'><strong>in</strong></span> <span class='ocrx_word' id='word_1_28' title='bbox 1001 1306 1254 1387; x_wconf 89' lang='lat' dir='ltr'><strong>melius,</strong></span> <span class='ocrx_word' id='word_1_29' title='bbox 1301 1306 1511 1370; x_wconf 87' lang='lat' dir='ltr'><strong>dante</strong></span> <span class='ocrx_word' id='word_1_30' title='bbox 1550 1304 1858 1386; x_wconf 88' lang='lat' dir='ltr'><strong>Domino,</strong></span> <span class='ocrx_word' id='word_1_31' title='bbox 1904 1303 2340 1392; x_wconf 86' lang='lat' dir='ltr'><strong>dirigendum,</strong></span> <span class='ocrx_word' id='word_1_32' title='bbox 2389 1302 2634 1369; x_wconf 88' lang='lat' dir='ltr'><strong>sedulis</strong></span> <span class='ocrx_word' id='word_1_33' title='bbox 2674 1301 2913 1387; x_wconf 79' lang='lat' dir='ltr'><strong>exequi</strong></span> 
     </span>
     <span class='ocr_line' id='line_1_6' title="bbox 803 1405 2913 1496; baseline -0.003 -21"><span class='ocrx_word' id='word_1_34' title='bbox 803 1417 840 1446; x_wconf 90' lang='lat'><strong>“</strong></span> <span class='ocrx_word' id='word_1_35' title='bbox 886 1409 1059 1475; x_wconf 87' lang='lat' dir='ltr'><strong>curis</strong></span> <span class='ocrx_word' id='word_1_36' title='bbox 1126 1409 1481 1496; x_wconf 89' lang='lat' dir='ltr'><strong>cupientes,</strong></span> <span class='ocrx_word' id='word_1_37' title='bbox 1546 1407 1664 1473; x_wconf 90' lang='lat' dir='ltr'><strong>illa</strong></span> <span class='ocrx_word' id='word_1_38' title='bbox 1737 1428 1887 1494; x_wconf 88' lang='lat' dir='ltr'><strong>quae</strong></span> <span class='ocrx_word' id='word_1_39' title='bbox 1963 1408 2238 1474; x_wconf 85' lang='lat' dir='ltr'><strong>solerter</strong></span> <span class='ocrx_word' id='word_1_40' title='bbox 2312 1428 2388 1472; x_wconf 87' lang='lat' dir='ltr'><strong>ac</strong></span> <span class='ocrx_word' id='word_1_41' title='bbox 2462 1405 2736 1492; x_wconf 83' lang='lat' dir='ltr'><strong>provide</strong></span> <span class='ocrx_word' id='word_1_42' title='bbox 2790 1424 2913 1490; x_wconf 87' lang='lat' dir='ltr'><strong>pro</strong></span> 
     </span>
     <span class='ocr_line' id='line_1_7' title="bbox 806 1508 2915 1596; baseline -0.003 -19"><span class='ocrx_word' id='word_1_43' title='bbox 806 1520 839 1547; x_wconf 87' lang='lat'>“</span> <span class='ocrx_word' id='word_1_44' title='bbox 886 1512 1150 1577; x_wconf 88' lang='lat' dir='ltr'><strong>illorum</strong></span> <span class='ocrx_word' id='word_1_45' title='bbox 1196 1511 1492 1576; x_wconf 89' lang='lat' dir='ltr'><strong>utilitate</strong></span> <span class='ocrx_word' id='word_1_46' title='bbox 1538 1509 1714 1576; x_wconf 88' lang='lat' dir='ltr'><strong>facta</strong></span> <span class='ocrx_word' id='word_1_47' title='bbox 1762 1514 1940 1589; x_wconf 89' lang='lat' dir='ltr'><strong>sunt,</strong></span> <span class='ocrx_word' id='word_1_48' title='bbox 1988 1515 2067 1576; x_wconf 90' lang='lat' dir='ltr'><strong>ut</strong></span> <span class='ocrx_word' id='word_1_49' title='bbox 2112 1508 2374 1575; x_wconf 85' lang='lat' dir='ltr'><strong>illibata</strong></span> <span class='ocrx_word' id='word_1_50' title='bbox 2416 1508 2795 1596; x_wconf 88' lang='lat' dir='ltr'><strong>persistant,</strong></span> <span class='ocrx_word' id='word_1_51' title='bbox 2845 1510 2915 1571; x_wconf 88' lang='lat' dir='ltr'><strong>et</strong></span> 
     </span>
     <span class='ocr_line' id='line_1_8' title="bbox 802 1610 2910 1700; baseline -0.001 -21"><span class='ocrx_word' id='word_1_52' title='bbox 802 1622 839 1650; x_wconf 88' lang='lat'><strong><em>“</em></strong></span> <span class='ocrx_word' id='word_1_53' title='bbox 887 1615 1092 1695; x_wconf 86' lang='lat' dir='ltr'><strong>firma,</strong></span> <span class='ocrx_word' id='word_1_54' title='bbox 1149 1635 1299 1679; x_wconf 90' lang='lat' dir='ltr'><strong>cum</strong></span> <span class='ocrx_word' id='word_1_55' title='bbox 1345 1635 1387 1678; x_wconf 85' lang='lat' dir='ltr'><strong>a</strong></span> <span class='ocrx_word' id='word_1_56' title='bbox 1445 1612 1637 1678; x_wconf 91' lang='lat' dir='ltr'><strong>nobis</strong></span> <span class='ocrx_word' id='word_1_57' title='bbox 1681 1613 1956 1700; x_wconf 81' lang='lat' dir='ltr'><strong>petitur,</strong></span> <span class='ocrx_word' id='word_1_58' title='bbox 2017 1610 2387 1700; x_wconf 88' lang='lat' dir='ltr'><strong>Apostolici</strong></span> <span class='ocrx_word' id='word_1_59' title='bbox 2430 1610 2686 1677; x_wconf 87' lang='lat' dir='ltr'><strong>roboris</strong></span> <span class='ocrx_word' id='word_1_60' title='bbox 2745 1628 2910 1696; x_wconf 85' lang='lat' dir='ltr'><strong>prae-</strong></span> 
     </span>
     <span class='ocr_line' id='line_1_9' title="bbox 803 1712 2914 1802; baseline -0.002 -20"><span class='ocrx_word' id='word_1_61' title='bbox 803 1724 839 1752; x_wconf 91' lang='lat'><em>“</em></span> <span class='ocrx_word' id='word_1_62' title='bbox 885 1717 1053 1782; x_wconf 89' lang='lat' dir='ltr'><strong>sidio</strong></span> <span class='ocrx_word' id='word_1_63' title='bbox 1118 1716 1512 1782; x_wconf 75' lang='lat' dir='ltr'><strong>mandamus</strong></span> <span class='ocrx_word' id='word_1_64' title='bbox 1577 1714 1987 1781; x_wconf 90' lang='lat' dir='ltr'><strong>communiri.</strong></span> <span class='ocrx_word' id='word_1_65' title='bbox 2083 1715 2257 1781; x_wconf 85' lang='lat' dir='ltr'><strong>Sane</strong></span> <span class='ocrx_word' id='word_1_66' title='bbox 2301 1734 2420 1802; x_wconf 87' lang='lat' dir='ltr'><strong>pro</strong></span> <span class='ocrx_word' id='word_1_67' title='bbox 2466 1718 2657 1800; x_wconf 87' lang='lat' dir='ltr'><strong>parte</strong></span> <span class='ocrx_word' id='word_1_68' title='bbox 2719 1712 2914 1778; x_wconf 89' lang='lat' dir='ltr'><strong>dilec-</strong></span> 
     </span>
     <span class='ocr_line' id='line_1_10' title="bbox 806 1815 2913 1885; baseline -0.002 -1"><span class='ocrx_word' id='word_1_69' title='bbox 806 1826 838 1854; x_wconf 90' lang='lat'>“</span> <span class='ocrx_word' id='word_1_70' title='bbox 885 1823 1109 1884; x_wconf 83' lang='lat' dir='ltr'><strong>torum</strong></span> <span class='ocrx_word' id='word_1_71' title='bbox 1185 1818 1477 1885; x_wconf 86' lang='lat' dir='ltr'><strong>filiorum</strong></span> <span class='ocrx_word' id='word_1_72' title='bbox 1552 1817 1842 1884; x_wconf 82' lang='lat' dir='ltr'><strong>Abbatis</strong></span> <span class='ocrx_word' id='word_1_73' title='bbox 1919 1821 1989 1883; x_wconf 89' lang='lat' dir='ltr'><strong>et</strong></span> <span class='ocrx_word' id='word_1_74' title='bbox 2065 1817 2451 1884; x_wconf 72' lang='lat' dir='ltr'><strong>Conventus</strong></span> <span class='ocrx_word' id='word_1_75' title='bbox 2521 1815 2913 1881; x_wconf 84' lang='lat' dir='ltr'><strong>Monasterii</strong></span> 
     </span>
     <span class='ocr_line' id='line_1_11' title="bbox 806 1910 2910 2004; baseline -0.003 -16"><span class='ocrx_word' id='word_1_76' title='bbox 806 1926 842 1956; x_wconf 76' lang='lat'><strong>‘¹‘</strong></span> <span class='ocrx_word' id='word_1_77' title='bbox 888 1920 1117 1988; x_wconf 74' lang='lat' dir='ltr'><strong>Sancti</strong></span> <span class='ocrx_word' id='word_1_78' title='bbox 1180 1920 1453 2001; x_wconf 76' lang='lat' dir='ltr'><strong>Albani,</strong></span> <span class='ocrx_word' id='word_1_79' title='bbox 1517 1910 1731 1987; x_wconf 79' lang='lat' dir='ltr'><strong>eidem</strong></span> <span class='ocrx_word' id='word_1_80' title='bbox 1808 1918 2091 1986; x_wconf 87' lang='lat' dir='ltr'><strong>ecclesiae</strong></span> <span class='ocrx_word' id='word_1_81' title='bbox 2165 1919 2550 1985; x_wconf 71' lang='lat' dir='ltr'><strong>immediate</strong></span> <span class='ocrx_word' id='word_1_82' title='bbox 2614 1917 2910 2004; x_wconf 86' lang='lat' dir='ltr'><strong>subjecti,</strong></span> 
     </span>
     <span class='ocr_line' id='line_1_12' title="bbox 808 2019 2912 2104; baseline -0.002 -15"><span class='ocrx_word' id='word_1_83' title='bbox 808 2031 841 2061; x_wconf 81' lang='lat'><strong>‘⁴</strong></span> <span class='ocrx_word' id='word_1_84' title='bbox 887 2022 1156 2089; x_wconf 83' lang='lat' dir='ltr'><strong>Ordinis</strong></span> <span class='ocrx_word' id='word_1_85' title='bbox 1226 2021 1457 2089; x_wconf 83' lang='lat' dir='ltr'><strong>Sancti</strong></span> <span class='ocrx_word' id='word_1_86' title='bbox 1525 2021 1896 2104; x_wconf 76' lang='lat' dir='ltr'><strong>Benedicti,</strong></span> <span class='ocrx_word' id='word_1_87' title='bbox 1982 2020 2466 2089; x_wconf 83' lang='lat' dir='ltr'><strong>Lincolniensis</strong></span> <span class='ocrx_word' id='word_1_88' title='bbox 2527 2020 2554 2058; x_wconf 88' lang='lat'>¹</span> <span class='ocrx_word' id='word_1_89' title='bbox 2573 2019 2912 2098; x_wconf 83' lang='lat' dir='ltr'><strong>Dicecesis,</strong></span> 
     </span>
     <span class='ocr_line' id='line_1_13' title="bbox 807 2122 2911 2213; baseline -0.002 -21"><span class='ocrx_word' id='word_1_90' title='bbox 807 2135 842 2164; x_wconf 91' lang='lat'>“</span> <span class='ocrx_word' id='word_1_91' title='bbox 888 2126 1084 2192; x_wconf 89' lang='lat' dir='ltr'><strong>nobis</strong></span> <span class='ocrx_word' id='word_1_92' title='bbox 1150 2144 1365 2213; x_wconf 86' lang='lat' dir='ltr'><strong>nuper</strong></span> <span class='ocrx_word' id='word_1_93' title='bbox 1432 2125 1739 2191; x_wconf 85' lang='lat' dir='ltr'><strong>exhibita</strong></span> <span class='ocrx_word' id='word_1_94' title='bbox 1781 2125 2024 2212; x_wconf 88' lang='lat' dir='ltr'><strong>petitio</strong></span> <span class='ocrx_word' id='word_1_95' title='bbox 2086 2123 2486 2206; x_wconf 90' lang='lat' dir='ltr'><strong>continebat,</strong></span> <span class='ocrx_word' id='word_1_96' title='bbox 2535 2123 2713 2210; x_wconf 89' lang='lat' dir='ltr'><strong>quod</strong></span> <span class='ocrx_word' id='word_1_97' title='bbox 2755 2122 2911 2189; x_wconf 89' lang='lat' dir='ltr'><strong>olim</strong></span> 
     </span>
     <span class='ocr_line' id='line_1_14' title="bbox 809 2225 2914 2316; baseline -0.001 -22"><span class='ocrx_word' id='word_1_98' title='bbox 809 2238 842 2265; x_wconf 91' lang='lat'><strong>“</strong></span> <span class='ocrx_word' id='word_1_99' title='bbox 886 2229 1030 2316; x_wconf 91' lang='lat' dir='ltr'><strong>ipsi,</strong></span> <span class='ocrx_word' id='word_1_100' title='bbox 1098 2232 1370 2316; x_wconf 87' lang='lat' dir='ltr'><strong>propter</strong></span> <span class='ocrx_word' id='word_1_101' title='bbox 1433 2227 1861 2294; x_wconf 73' lang='lat' dir='ltr'><strong>mutabilium</strong></span> <span class='ocrx_word' id='word_1_102' title='bbox 1921 2233 2295 2315; x_wconf 87' lang='lat' dir='ltr'><strong>temporum</strong></span> <span class='ocrx_word' id='word_1_103' title='bbox 2371 2225 2914 2313; x_wconf 65' lang='lat' dir='ltr'><strong>contingentiam,</strong></span> 
     </span>
     <span class='ocr_line' id='line_1_15' title="bbox 808 2326 2912 2419; baseline -0.002 -22"><span class='ocrx_word' id='word_1_104' title='bbox 808 2340 842 2368; x_wconf 84' lang='lat'><strong>⁴‘</strong></span> <span class='ocrx_word' id='word_1_105' title='bbox 890 2337 959 2397; x_wconf 89' lang='lat' dir='ltr'><strong>et</strong></span> <span class='ocrx_word' id='word_1_106' title='bbox 1033 2346 1494 2419; x_wconf 81' lang='lat' dir='ltr'><strong>prosperorum</strong></span> <span class='ocrx_word' id='word_1_107' title='bbox 1558 2329 2086 2408; x_wconf 81' lang='lat' dir='ltr'><strong>instabilitatem,</strong></span> <span class='ocrx_word' id='word_1_108' title='bbox 2162 2326 2447 2395; x_wconf 78' lang='lat' dir='ltr'><strong>diversis</strong></span> <span class='ocrx_word' id='word_1_109' title='bbox 2523 2328 2912 2417; x_wconf 65' lang='lat' dir='ltr'><strong>praehabitis</strong></span> 
     </span>
     <span class='ocr_line' id='line_1_16' title="bbox 808 2431 2916 2520; baseline -0.002 -20"><span class='ocrx_word' id='word_1_110' title='bbox 808 2443 841 2470; x_wconf 93' lang='lat'><strong>“</strong></span> <span class='ocrx_word' id='word_1_111' title='bbox 888 2434 1304 2515; x_wconf 85' lang='lat' dir='ltr'><strong>tractatibus,</strong></span> <span class='ocrx_word' id='word_1_112' title='bbox 1383 2438 1454 2499; x_wconf 90' lang='lat' dir='ltr'><strong>et</strong></span> <span class='ocrx_word' id='word_1_113' title='bbox 1528 2438 1794 2498; x_wconf 87' lang='lat' dir='ltr'><strong>matura</strong></span> <span class='ocrx_word' id='word_1_114' title='bbox 1853 2431 2326 2498; x_wconf 84' lang='lat' dir='ltr'><strong>deliberatione</strong></span> <span class='ocrx_word' id='word_1_115' title='bbox 2390 2433 2658 2520; x_wconf 75' lang='lat' dir='ltr'><strong>praevia,</strong></span> <span class='ocrx_word' id='word_1_116' title='bbox 2719 2446 2916 2517; x_wconf 85' lang='lat' dir='ltr'><strong>super</strong></span> 
     </span>
     <span class='ocr_line' id='line_1_17' title="bbox 805 2534 2914 2621; baseline -0.002 -20"><span class='ocrx_word' id='word_1_117' title='bbox 805 2544 843 2573; x_wconf 88' lang='lat'><strong>“</strong></span> <span class='ocrx_word' id='word_1_118' title='bbox 888 2535 1271 2602; x_wconf 81' lang='lat' dir='ltr'><strong>collectione</strong></span> <span class='ocrx_word' id='word_1_119' title='bbox 1338 2539 1408 2601; x_wconf 91' lang='lat' dir='ltr'><strong>et</strong></span> <span class='ocrx_word' id='word_1_120' title='bbox 1471 2534 1967 2602; x_wconf 85' lang='lat' dir='ltr'><strong>conservatione</strong></span> <span class='ocrx_word' id='word_1_121' title='bbox 2037 2538 2366 2601; x_wconf 88' lang='lat' dir='ltr'><strong>certorum</strong></span> <span class='ocrx_word' id='word_1_122' title='bbox 2434 2539 2595 2601; x_wconf 83' lang='lat' dir='ltr'><strong>tunc</strong></span> <span class='ocrx_word' id='word_1_123' title='bbox 2651 2552 2914 2621; x_wconf 85' lang='lat' dir='ltr'><strong>expres·</strong></span> 
     </span>
     <span class='ocr_line' id='line_1_18' title="bbox 805 2632 2912 2725; baseline -0.001 -21"><span class='ocrx_word' id='word_1_124' title='bbox 805 2647 839 2676; x_wconf 81' lang='lat'><strong>‘⁸</strong></span> <span class='ocrx_word' id='word_1_125' title='bbox 887 2656 1112 2704; x_wconf 88' lang='lat' dir='ltr'><strong>sorum</strong></span> <span class='ocrx_word' id='word_1_126' title='bbox 1186 2638 1528 2705; x_wconf 87' lang='lat' dir='ltr'><strong>fructuum</strong></span> <span class='ocrx_word' id='word_1_127' title='bbox 1604 2643 1674 2704; x_wconf 91' lang='lat' dir='ltr'><strong>et</strong></span> <span class='ocrx_word' id='word_1_128' title='bbox 1751 2637 2361 2716; x_wconf 83' lang='lat' dir='ltr'><strong>emolumentorum,</strong></span> <span class='ocrx_word' id='word_1_129' title='bbox 2440 2654 2560 2725; x_wconf 86' lang='lat' dir='ltr'><strong>pro</strong></span> <span class='ocrx_word' id='word_1_130' title='bbox 2638 2632 2912 2703; x_wconf 87' lang='lat' dir='ltr'><strong>necessi-</strong></span> 
     </span>
     <span class='ocr_line' id='line_1_19' title="bbox 807 2738 2917 2827; baseline -0.001 -21"><span class='ocrx_word' id='word_1_131' title='bbox 807 2749 843 2777; x_wconf 88' lang='lat'><strong>“</strong></span> <span class='ocrx_word' id='word_1_132' title='bbox 888 2740 1143 2806; x_wconf 89' lang='lat' dir='ltr'><strong>tatibus</strong></span> <span class='ocrx_word' id='word_1_133' title='bbox 1189 2743 1258 2806; x_wconf 89' lang='lat' dir='ltr'><strong>et</strong></span> <span class='ocrx_word' id='word_1_134' title='bbox 1320 2740 1696 2827; x_wconf 84' lang='lat' dir='ltr'><strong>indigentia</strong></span> <span class='ocrx_word' id='word_1_135' title='bbox 1741 2740 2129 2806; x_wconf 88' lang='lat' dir='ltr'><strong>monasterii</strong></span> <span class='ocrx_word' id='word_1_136' title='bbox 2186 2740 2505 2827; x_wconf 73' lang='lat' dir='ltr'><strong>praedicti,</strong></span> <span class='ocrx_word' id='word_1_137' title='bbox 2550 2743 2620 2805; x_wconf 88' lang='lat' dir='ltr'><strong>et</strong></span> <span class='ocrx_word' id='word_1_138' title='bbox 2679 2738 2755 2803; x_wconf 91' lang='lat' dir='ltr'><strong>in</strong></span> <span class='ocrx_word' id='word_1_139' title='bbox 2798 2738 2917 2803; x_wconf 89' lang='lat' dir='ltr'><strong>illo</strong></span> 
     </span>
     <span class='ocr_line' id='line_1_20' title="bbox 809 2840 2912 2931; baseline -0.001 -22"><span class='ocrx_word' id='word_1_140' title='bbox 809 2850 844 2880; x_wconf 90' lang='lat'><strong>“</strong></span> <span class='ocrx_word' id='word_1_141' title='bbox 890 2863 1012 2931; x_wconf 79' lang='lat' dir='ltr'><strong>pro</strong></span> <span class='ocrx_word' id='word_1_142' title='bbox 1042 2847 1337 2931; x_wconf 91' lang='lat' dir='ltr'><strong>tempore</strong></span> <span class='ocrx_word' id='word_1_143' title='bbox 1369 2843 1757 2931; x_wconf 86' lang='lat' dir='ltr'><strong>degentium</strong></span> <span class='ocrx_word' id='word_1_144' title='bbox 1793 2864 2242 2931; x_wconf 88' lang='lat' dir='ltr'><strong>personarum,</strong></span> <span class='ocrx_word' id='word_1_145' title='bbox 2274 2842 2625 2930; x_wconf 88' lang='lat' dir='ltr'><strong>quamdam</strong></span> <span class='ocrx_word' id='word_1_146' title='bbox 2655 2840 2912 2919; x_wconf 86' lang='lat' dir='ltr'><strong>cistam,</strong></span> 
     </span>
     <span class='ocr_line' id='line_1_21' title="bbox 809 2942 2913 3038; baseline -0.002 -26"><span class='ocrx_word' id='word_1_147' title='bbox 809 2951 845 2982; x_wconf 89' lang='lat'>“</span> <span class='ocrx_word' id='word_1_148' title='bbox 890 2947 1014 3012; x_wconf 89' lang='lat' dir='ltr'><strong>sub</strong></span> <span class='ocrx_word' id='word_1_149' title='bbox 1062 2945 1261 3038; x_wconf 79' lang='lat' dir='ltr'><strong>certis</strong></span> <span class='ocrx_word' id='word_1_150' title='bbox 1303 2945 1498 3010; x_wconf 91' lang='lat' dir='ltr'><strong>modo</strong></span> <span class='ocrx_word' id='word_1_151' title='bbox 1544 2949 1613 3011; x_wconf 89' lang='lat' dir='ltr'><strong>et</strong></span> <span class='ocrx_word' id='word_1_152' title='bbox 1657 2945 1871 3011; x_wconf 83' lang='lat' dir='ltr'><strong>forma</strong></span> <span class='ocrx_word' id='word_1_153' title='bbox 1918 2949 2239 3033; x_wconf 88' lang='lat' dir='ltr'><strong>perpetuo</strong></span> <span class='ocrx_word' id='word_1_154' title='bbox 2282 2942 2777 3010; x_wconf 80' lang='lat' dir='ltr'><strong>custodiendam</strong></span> <span class='ocrx_word' id='word_1_155' title='bbox 2839 2948 2913 3009; x_wconf 90' lang='lat' dir='ltr'><strong>et</strong></span> 
     </span>
     <span class='ocr_line' id='line_1_22' title="bbox 807 3046 2914 3136; baseline -0.001 -21"><span class='ocrx_word' id='word_1_156' title='bbox 807 3056 845 3087; x_wconf 79' lang='lat'><strong>‘⁴</strong></span> <span class='ocrx_word' id='word_1_157' title='bbox 889 3048 1407 3136; x_wconf 83' lang='lat' dir='ltr'><strong>gubernandam,</strong></span> <span class='ocrx_word' id='word_1_158' title='bbox 1456 3047 1528 3113; x_wconf 89' lang='lat' dir='ltr'><strong>in</strong></span> <span class='ocrx_word' id='word_1_159' title='bbox 1575 3048 1755 3114; x_wconf 91' lang='lat' dir='ltr'><strong>dicto</strong></span> <span class='ocrx_word' id='word_1_160' title='bbox 1801 3046 2204 3114; x_wconf 84' lang='lat' dir='ltr'><strong>monasterio</strong></span> <span class='ocrx_word' id='word_1_161' title='bbox 2241 3046 2375 3113; x_wconf 89' lang='lat' dir='ltr'><strong>fore</strong></span> <span class='ocrx_word' id='word_1_162' title='bbox 2439 3046 2914 3126; x_wconf 81' lang='lat' dir='ltr'><strong>decreverunt3</strong></span> 
     </span>
     <span class='ocr_line' id='line_1_23' title="bbox 809 3148 2915 3240; baseline -0.001 -22"><span class='ocrx_word' id='word_1_163' title='bbox 809 3158 848 3189; x_wconf 88' lang='lat'><strong>“</strong></span> <span class='ocrx_word' id='word_1_164' title='bbox 893 3174 970 3218; x_wconf 86' lang='lat' dir='ltr'><strong>ac</strong></span> <span class='ocrx_word' id='word_1_165' title='bbox 1028 3172 1146 3240; x_wconf 89' lang='lat' dir='ltr'><strong>pro</strong></span> <span class='ocrx_word' id='word_1_166' title='bbox 1199 3172 1512 3218; x_wconf 88' lang='lat' dir='ltr'><strong>succursu</strong></span> <span class='ocrx_word' id='word_1_167' title='bbox 1575 3151 2060 3238; x_wconf 86' lang='lat' dir='ltr'><strong>emergentium</strong></span> <span class='ocrx_word' id='word_1_168' title='bbox 2121 3152 2612 3232; x_wconf 82' lang='lat' dir='ltr'><strong>necessitatum,</strong></span> <span class='ocrx_word' id='word_1_169' title='bbox 2661 3154 2732 3216; x_wconf 90' lang='lat' dir='ltr'><strong>et</strong></span> <span class='ocrx_word' id='word_1_170' title='bbox 2778 3148 2915 3216; x_wconf 84' lang='lat' dir='ltr'><strong>evi·</strong></span> 
     </span>
     <span class='ocr_line' id='line_1_24' title="bbox 809 3252 2914 3341; baseline -0 -20"><span class='ocrx_word' id='word_1_171' title='bbox 809 3266 841 3292; x_wconf 90' lang='lat'>“</span> <span class='ocrx_word' id='word_1_172' title='bbox 888 3255 1190 3322; x_wconf 87' lang='lat' dir='ltr'><strong>dentium</strong></span> <span class='ocrx_word' id='word_1_173' title='bbox 1236 3276 1523 3337; x_wconf 87' lang='lat' dir='ltr'><strong>casuum,</strong></span> <span class='ocrx_word' id='word_1_174' title='bbox 1582 3253 1974 3320; x_wconf 87' lang='lat' dir='ltr'><strong>Monasterii</strong></span> <span class='ocrx_word' id='word_1_175' title='bbox 2034 3258 2105 3320; x_wconf 90' lang='lat' dir='ltr'><strong>et</strong></span> <span class='ocrx_word' id='word_1_176' title='bbox 2170 3270 2596 3341; x_wconf 86' lang='lat' dir='ltr'><strong>personarum</strong></span> <span class='ocrx_word' id='word_1_177' title='bbox 2641 3252 2914 3340; x_wconf 82' lang='lat' dir='ltr'><strong>praedic-</strong></span> 
     </span>
     <span class='ocr_line' id='line_1_25' title="bbox 806 3355 2916 3441; baseline -0.002 -16"><span class='ocrx_word' id='word_1_178' title='bbox 806 3368 841 3394; x_wconf 90' lang='lat'><em>“</em></span> <span class='ocrx_word' id='word_1_179' title='bbox 886 3363 1127 3441; x_wconf 87' lang='lat' dir='ltr'><strong>tarum,</strong></span> <span class='ocrx_word' id='word_1_180' title='bbox 1173 3358 1499 3424; x_wconf 86' lang='lat' dir='ltr'><strong>nonnulla</strong></span> <span class='ocrx_word' id='word_1_181' title='bbox 1543 3355 1968 3423; x_wconf 86' lang='lat' dir='ltr'><strong>rationabilia</strong></span> <span class='ocrx_word' id='word_1_182' title='bbox 1997 3355 2479 3422; x_wconf 78' lang='lat' dir='ltr'><strong>inviolabiliter</strong></span> <span class='ocrx_word' id='word_1_183' title='bbox 2505 3355 2916 3422; x_wconf 76' lang='lat' dir='ltr'><strong>observanda</strong></span> 
     </span>
     <span class='ocr_line' id='line_1_26' title="bbox 809 3459 2916 3548; baseline -0.001 -21"><span class='ocrx_word' id='word_1_184' title='bbox 809 3470 841 3497; x_wconf 89' lang='lat'><strong>“</strong></span> <span class='ocrx_word' id='word_1_185' title='bbox 888 3464 1149 3527; x_wconf 86' lang='lat' dir='ltr'><strong>statuta</strong></span> <span class='ocrx_word' id='word_1_186' title='bbox 1212 3459 1583 3539; x_wconf 88' lang='lat' dir='ltr'><strong>ediderunt,</strong></span> <span class='ocrx_word' id='word_1_187' title='bbox 1647 3481 1907 3526; x_wconf 89' lang='lat' dir='ltr'><strong>necnon</strong></span> <span class='ocrx_word' id='word_1_188' title='bbox 1969 3459 2388 3548; x_wconf 82' lang='lat' dir='ltr'><strong>reparatione</strong></span> <span class='ocrx_word' id='word_1_189' title='bbox 2432 3464 2506 3526; x_wconf 91' lang='lat' dir='ltr'><strong>et</strong></span> <span class='ocrx_word' id='word_1_190' title='bbox 2562 3464 2916 3526; x_wconf 80' lang='lat' dir='ltr'><strong>manuten-</strong></span> 
     </span>
     <span class='ocr_line' id='line_1_27' title="bbox 811 3561 2915 3650; baseline -0.001 -20"><span class='ocrx_word' id='word_1_191' title='bbox 811 3572 848 3600; x_wconf 85' lang='lat'><strong>“</strong></span> <span class='ocrx_word' id='word_1_192' title='bbox 894 3563 1074 3630; x_wconf 90' lang='lat' dir='ltr'><strong>tione</strong></span> <span class='ocrx_word' id='word_1_193' title='bbox 1136 3564 1618 3630; x_wconf 80' lang='lat' dir='ltr'><strong>structurarum</strong></span> <span class='ocrx_word' id='word_1_194' title='bbox 1663 3568 1734 3630; x_wconf 86' lang='lat' dir='ltr'><strong>et</strong></span> <span class='ocrx_word' id='word_1_195' title='bbox 1779 3562 2210 3631; x_wconf 64' lang='lat' dir='ltr'><strong>aedificiorum</strong></span> <span class='ocrx_word' id='word_1_196' title='bbox 2270 3561 2555 3630; x_wconf 73' lang='lat' dir='ltr'><strong>ecclesiae</strong></span> <span class='ocrx_word' id='word_1_197' title='bbox 2623 3562 2915 3650; x_wconf 85' lang='lat' dir='ltr'><strong>ejusdem</strong></span> 
     </span>
     <span class='ocr_line' id='line_1_28' title="bbox 805 3664 2919 3755; baseline 0.002 -27"><span class='ocrx_word' id='word_1_198' title='bbox 805 3672 843 3701; x_wconf 74' lang='lat'><strong>‘²</strong></span> <span class='ocrx_word' id='word_1_199' title='bbox 889 3665 1287 3747; x_wconf 81' lang='lat' dir='ltr'><strong>monasterii,</strong></span> <span class='ocrx_word' id='word_1_200' title='bbox 1335 3687 1411 3731; x_wconf 85' lang='lat' dir='ltr'><strong>ac</strong></span> <span class='ocrx_word' id='word_1_201' title='bbox 1454 3664 1782 3733; x_wconf 88' lang='lat' dir='ltr'><strong>solutione</strong></span> <span class='ocrx_word' id='word_1_202' title='bbox 1827 3668 2253 3755; x_wconf 87' lang='lat' dir='ltr'><strong>pecuniarum</strong></span> <span class='ocrx_word' id='word_1_203' title='bbox 2306 3688 2424 3755; x_wconf 89' lang='lat' dir='ltr'><strong>pro</strong></span> <span class='ocrx_word' id='word_1_204' title='bbox 2468 3666 2743 3733; x_wconf 87' lang='lat' dir='ltr'><strong>cameris</strong></span> <span class='ocrx_word' id='word_1_205' title='bbox 2786 3667 2919 3733; x_wconf 84' lang='lat' dir='ltr'><strong>fra-</strong></span> 
     </span>
     <span class='ocr_line' id='line_1_29' title="bbox 807 3764 2914 3859; baseline 0.001 -27"><span class='ocrx_word' id='word_1_206' title='bbox 807 3772 847 3801; x_wconf 87' lang='lat'><strong>“</strong></span> <span class='ocrx_word' id='word_1_207' title='bbox 892 3771 1073 3832; x_wconf 90' lang='lat' dir='ltr'><strong>trum</strong></span> <span class='ocrx_word' id='word_1_208' title='bbox 1118 3771 1188 3833; x_wconf 87' lang='lat' dir='ltr'><strong>et</strong></span> <span class='ocrx_word' id='word_1_209' title='bbox 1228 3767 1537 3854; x_wconf 87' lang='lat' dir='ltr'><strong>pitanciis</strong></span> <span class='ocrx_word' id='word_1_210' title='bbox 1583 3769 1789 3835; x_wconf 90' lang='lat' dir='ltr'><strong>etiam</strong></span> <span class='ocrx_word' id='word_1_211' title='bbox 1835 3772 1998 3836; x_wconf 84' lang='lat' dir='ltr'><strong>tunc</strong></span> <span class='ocrx_word' id='word_1_212' title='bbox 2043 3770 2381 3859; x_wconf 80' lang='lat' dir='ltr'><strong>expressis,</strong></span> <span class='ocrx_word' id='word_1_213' title='bbox 2414 3764 2747 3857; x_wconf 86' lang='lat' dir='ltr'><strong>quoddam</strong></span> <span class='ocrx_word' id='word_1_214' title='bbox 2778 3770 2914 3836; x_wconf 88' lang='lat' dir='ltr'><strong>offi-</strong></span> 
     </span>
     <span class='ocr_line' id='line_1_30' title="bbox 807 3867 2916 3960; baseline 0.003 -27"><span class='ocrx_word' id='word_1_215' title='bbox 807 3874 846 3904; x_wconf 92' lang='lat'><strong>“</strong></span> <span class='ocrx_word' id='word_1_216' title='bbox 895 3870 1090 3951; x_wconf 89' lang='lat' dir='ltr'><strong>cium,</strong></span> <span class='ocrx_word' id='word_1_217' title='bbox 1150 3867 1251 3934; x_wconf 93' lang='lat' dir='ltr'><strong>illi</strong></span> <span class='ocrx_word' id='word_1_218' title='bbox 1329 3878 1344 3904; x_wconf 88' lang='lat'><em>‘</em></span> <span class='ocrx_word' id='word_1_219' title='bbox 1366 3869 1670 3936; x_wconf 90' lang='lat' dir='ltr'><strong>Officium</strong></span> <span class='ocrx_word' id='word_1_220' title='bbox 1742 3871 2116 3959; x_wconf 85' lang='lat' dir='ltr'><strong>Operariae’</strong></span> <span class='ocrx_word' id='word_1_221' title='bbox 2179 3894 2421 3939; x_wconf 91' lang='lat' dir='ltr'><strong>nomen</strong></span> <span class='ocrx_word' id='word_1_222' title='bbox 2479 3873 2916 3960; x_wconf 84' lang='lat' dir='ltr'><strong>imponentes,</strong></span> 
     </span>
     <span class='ocr_line' id='line_1_31' title="bbox 810 3971 2916 4063; baseline 0.002 -27"><span class='ocrx_word' id='word_1_223' title='bbox 810 3977 847 4008; x_wconf 88' lang='lat'><strong>“</strong></span> <span class='ocrx_word' id='word_1_224' title='bbox 893 3971 1080 4058; x_wconf 89' lang='lat' dir='ltr'><strong>eujus</strong></span> <span class='ocrx_word' id='word_1_225' title='bbox 1111 3992 1440 4059; x_wconf 83' lang='lat' dir='ltr'><strong>possessor</strong></span> <span class='ocrx_word' id='word_1_226' title='bbox 1469 3973 1763 4040; x_wconf 84' lang='lat' dir='ltr'><strong>existens</strong></span> <span class='ocrx_word' id='word_1_227' title='bbox 1792 3996 1911 4063; x_wconf 89' lang='lat' dir='ltr'><strong>pro</strong></span> <span class='ocrx_word' id='word_1_228' title='bbox 1957 3978 2253 4063; x_wconf 88' lang='lat' dir='ltr'><strong>tempore</strong></span> <span class='ocrx_word' id='word_1_229' title='bbox 2297 3972 2679 4061; x_wconf 88' lang='lat' dir='ltr'><strong>hujusmodi</strong></span> <span class='ocrx_word' id='word_1_230' title='bbox 2708 3981 2916 4042; x_wconf 87' lang='lat' dir='ltr'><strong>struc-</strong></span> 
     </span>
     <span class='ocr_line' id='line_1_32' title="bbox 810 4076 2916 4166; baseline 0.001 -25"><span class='ocrx_word' id='word_1_231' title='bbox 810 4084 844 4110; x_wconf 81' lang='lat'><strong><em>“</em></strong></span> <span class='ocrx_word' id='word_1_232' title='bbox 893 4079 1078 4141; x_wconf 88' lang='lat' dir='ltr'><strong>turas</strong></span> <span class='ocrx_word' id='word_1_233' title='bbox 1109 4080 1177 4139; x_wconf 88' lang='lat' dir='ltr'><strong>et</strong></span> <span class='ocrx_word' id='word_1_234' title='bbox 1206 4076 1489 4142; x_wconf 73' lang='lat' dir='ltr'><strong>aedificia</strong></span> <span class='ocrx_word' id='word_1_235' title='bbox 1519 4090 1905 4145; x_wconf 83' lang='lat' dir='ltr'><strong>conservare</strong></span> <span class='ocrx_word' id='word_1_236' title='bbox 1936 4082 2005 4144; x_wconf 90' lang='lat' dir='ltr'><strong>et</strong></span> <span class='ocrx_word' id='word_1_237' title='bbox 2035 4082 2482 4157; x_wconf 78' lang='lat' dir='ltr'><strong>manutenere,</strong></span> <span class='ocrx_word' id='word_1_238' title='bbox 2499 4100 2578 4145; x_wconf 91' lang='lat' dir='ltr'><strong>ac</strong></span> <span class='ocrx_word' id='word_1_239' title='bbox 2603 4080 2916 4166; x_wconf 86' lang='lat' dir='ltr'><strong>pecunias</strong></span> 
     </span>
     <span class='ocr_line' id='line_1_33' title="bbox 807 4178 2918 4267; baseline 0.001 -23"><span class='ocrx_word' id='word_1_240' title='bbox 807 4182 847 4214; x_wconf 87' lang='lat'><strong>“</strong></span> <span class='ocrx_word' id='word_1_241' title='bbox 892 4198 1014 4264; x_wconf 86' lang='lat' dir='ltr'><strong>pro</strong></span> <span class='ocrx_word' id='word_1_242' title='bbox 1055 4178 1346 4261; x_wconf 87' lang='lat' dir='ltr'><strong>cameris,</strong></span> <span class='ocrx_word' id='word_1_243' title='bbox 1408 4183 1478 4245; x_wconf 90' lang='lat' dir='ltr'><strong>et</strong></span> <span class='ocrx_word' id='word_1_244' title='bbox 1521 4180 1851 4267; x_wconf 87' lang='lat' dir='ltr'><strong>pitancias</strong></span> <span class='ocrx_word' id='word_1_245' title='bbox 1894 4181 2291 4267; x_wconf 86' lang='lat' dir='ltr'><strong>hujusmodi,</strong></span> <span class='ocrx_word' id='word_1_246' title='bbox 2345 4179 2598 4247; x_wconf 85' lang='lat' dir='ltr'><strong>solvere</strong></span> <span class='ocrx_word' id='word_1_247' title='bbox 2650 4180 2918 4248; x_wconf 86' lang='lat' dir='ltr'><strong>deberet</strong></span> 
     </span>
     <span class='ocr_line' id='line_1_34' title="bbox 810 4281 2918 4371; baseline 0.003 -28"><span class='ocrx_word' id='word_1_248' title='bbox 810 4285 844 4315; x_wconf 90' lang='lat'>“</span> <span class='ocrx_word' id='word_1_249' title='bbox 891 4282 962 4344; x_wconf 90' lang='lat' dir='ltr'><strong>et</strong></span> <span class='ocrx_word' id='word_1_250' title='bbox 1013 4282 1367 4360; x_wconf 89' lang='lat' dir='ltr'><strong>teneretur,</strong></span> <span class='ocrx_word' id='word_1_251' title='bbox 1396 4281 1471 4346; x_wconf 91' lang='lat' dir='ltr'><strong>in</strong></span> <span class='ocrx_word' id='word_1_252' title='bbox 1514 4282 1659 4369; x_wconf 90' lang='lat' dir='ltr'><strong>ipso</strong></span> <span class='ocrx_word' id='word_1_253' title='bbox 1708 4283 2106 4350; x_wconf 87' lang='lat' dir='ltr'><strong>monasterio</strong></span> <span class='ocrx_word' id='word_1_254' title='bbox 2154 4283 2635 4364; x_wconf 80' lang='lat' dir='ltr'><strong>instituerunt3</strong></span> <span class='ocrx_word' id='word_1_255' title='bbox 2679 4307 2753 4350; x_wconf 72' lang='lat' dir='ltr'><strong>ae</strong></span> <span class='ocrx_word' id='word_1_256' title='bbox 2797 4304 2918 4371; x_wconf 87' lang='lat' dir='ltr'><strong>pro</strong></span> 
     </span>
     <span class='ocr_line' id='line_1_35' title="bbox 805 4383 2921 4474; baseline 0.001 -26"><span class='ocrx_word' id='word_1_257' title='bbox 805 4385 845 4418; x_wconf 82' lang='lat'><strong>‘⁴</strong></span> <span class='ocrx_word' id='word_1_258' title='bbox 890 4383 1392 4470; x_wconf 88' lang='lat' dir='ltr'><strong>supportatione</strong></span> <span class='ocrx_word' id='word_1_259' title='bbox 1422 4405 1692 4451; x_wconf 87' lang='lat' dir='ltr'><strong>onerum</strong></span> <span class='ocrx_word' id='word_1_260' title='bbox 1741 4408 1890 4472; x_wconf 81' lang='lat' dir='ltr'><strong>quae</strong></span> <span class='ocrx_word' id='word_1_261' title='bbox 1933 4386 2286 4474; x_wconf 82' lang='lat' dir='ltr'><strong>possessori</strong></span> <span class='ocrx_word' id='word_1_262' title='bbox 2315 4386 2631 4473; x_wconf 80' lang='lat' dir='ltr'><strong>praedicto</strong></span> <span class='ocrx_word' id='word_1_263' title='bbox 2657 4385 2921 4452; x_wconf 77' lang='lat' dir='ltr'><strong>ratione</strong></span> 
     </span>
     <span class='ocr_line' id='line_1_36' title="bbox 808 4484 2919 4576; baseline 0.003 -27"><span class='ocrx_word' id='word_1_264' title='bbox 808 4492 845 4520; x_wconf 89' lang='lat'>“</span> <span class='ocrx_word' id='word_1_265' title='bbox 886 4484 1003 4570; x_wconf 88' lang='lat' dir='ltr'><strong>huj</strong></span> <span class='ocrx_word' id='word_1_266' title='bbox 1014 4486 1270 4552; x_wconf 80' lang='lat' dir='ltr'><strong>asmodi</strong></span> <span class='ocrx_word' id='word_1_267' title='bbox 1330 4485 1528 4553; x_wconf 88' lang='lat' dir='ltr'><strong>officii</strong></span> <span class='ocrx_word' id='word_1_268' title='bbox 1603 4489 2079 4576; x_wconf 88' lang='lat' dir='ltr'><strong>imposuerunt,</strong></span> <span class='ocrx_word' id='word_1_269' title='bbox 2141 4488 2463 4555; x_wconf 85' lang='lat' dir='ltr'><strong>nonnulla</strong></span> <span class='ocrx_word' id='word_1_270' title='bbox 2519 4488 2697 4556; x_wconf 83' lang='lat' dir='ltr'><strong>bona</strong></span> <span class='ocrx_word' id='word_1_271' title='bbox 2754 4493 2919 4556; x_wconf 78' lang='lat' dir='ltr'><strong>tunc</strong></span> 
     </span>
    </p>
   </div>
   <div class='ocr_carea' id='block_1_3' title="bbox 1621 4718 2114 4775">
    <p class='ocr_par' dir='ltr' id='par_1_3' title="bbox 1621 4718 2114 4775">
     <span class='ocr_line' id='line_1_37' title="bbox 1621 4718 2114 4775; baseline 0.01 -7"><span class='ocrx_word' id='word_1_272' title='bbox 1621 4718 1638 4752; x_wconf 86' lang='lat'>¹</span> <span class='ocrx_word' id='word_1_273' title='bbox 1661 4718 1900 4772; x_wconf 74' lang='lat' dir='ltr'><strong>Dioceeis</strong></span> <span class='ocrx_word' id='word_1_274' title='bbox 1919 4719 1976 4772; x_wconf 83' lang='lat' dir='ltr'><strong>in</strong></span> <span class='ocrx_word' id='word_1_275' title='bbox 2001 4720 2114 4775; x_wconf 71' lang='grc' dir='ltr'><strong>ΗΒ.</strong></span> 
     </span>
    </p>
   </div>
   <div class='ocr_carea' id='block_1_4' title="bbox 3438 4936 3443 5525">
    <p class='ocr_par' dir='ltr' id='par_1_4' title="bbox 3438 4936 3443 5525">
     <span class='ocr_line' id='line_1_38' title="bbox 3438 4936 3443 5525; baseline 0 0"><span class='ocrx_word' id='word_1_276' title='bbox 3438 4936 3443 5525; x_wconf 95' lang='lat' dir='ltr'><strong> </strong></span> 
     </span>
    </p>
   </div>
  </div>
 </body>
</html>
