3467 5717
1291 785 1538 839 sANcn
1580 782 1857 838 amm.
2501 768 2633 842 377

534 982 571 1012 “
606 978 897 1064 juridica
926 983 1175 1046 extunc
1217 978 1600 1046 immediate
1642 981 1976 1065 sequente,
2009 998 2142 1063 qua
2184 998 2320 1055 nos,
2350 976 2461 1042 vel
2490 997 2633 1041 sur·
2658 982 2796 1035 ΑΔ).
2826 986 2969 1035 143⁴.

536 1089 571 1116 “
613 1082 983 1170 rogandum
1014 1080 1413 1148 Auditorem
1457 1080 1866 1168 praedictum‚
1900 1079 2257 1146 Florentiae
2301 1080 2411 1146 vel
2452 1078 2632 1160 alibi,

535 1188 575 1219 “
618 1184 736 1249 ubi
778 1188 943 1250 tunc
985 1182 1212 1250 forsan
1255 1183 1585 1250 Dominus
1630 1188 1857 1249 noster
1900 1182 2100 1269 Papa,
2145 1205 2295 1249 cum
2339 1204 2458 1247 sua
2505 1182 2635 1247 Ro-

537 1294 571 1323 “
616 1308 815 1352 mana
845 1286 1061 1365 Curia,
1094 1285 1425 1364 residebit,
1456 1287 1531 1351 in
1561 1286 1824 1351 Palatio
1856 1285 2219 1352 Causarum
2239 1284 2637 1372 Apostolico,

539 1395 577 1424 “
623 1388 696 1453 in
739 1410 871 1475 quo
907 1389 1064 1475 jura
1107 1389 1299 1455 reddi
1341 1388 1575 1469 solent,
1621 1408 1833 1470 mane,
1879 1387 2042 1454 hora
2083 1410 2423 1454 causarum
2486 1410 2639 1454 con-

537 1498 573 1526 “
617 1497 823 1571 sueta,
851 1493 939 1558 ad
972 1492 1131 1579 jura
1173 1491 1510 1558 reddenda
1551 1512 1671 1578 pro
1715 1490 2039 1556 tribunali
2084 1491 2308 1556 sedere
2351 1491 2640 1578 contige-

538 1599 577 1628 “
619 1595 729 1675 rit,
774 1599 1197 1682 compareant
1239 1594 1315 1659 in
1347 1593 1600 1680 judicio
1657 1592 1954 1680 legitime
2013 1614 2231 1658 coram
2276 1593 2483 1673 nobis,
2531 1593 2640 1661 vel

538 1705 574 1731 “
617 1696 1021 1784 surrogando
1050 1695 1380 1762 Auditore
1423 1695 1717 1782 praefatO,
1746 1717 1864 1783 per
1891 1715 1976 1774 se,
2008 1694 2119 1760 vel
2147 1701 2639 1782 procuratorem

536 1804 574 1833 “
617 1819 730 1864 seu
775 1803 1227 1886 procuratores
1269 1819 1424 1864 suos
1469 1795 1806 1876 1idoneos,
1849 1798 1935 1863 ad
1994 1818 2255 1863 causam
2301 1803 2369 1864 et
2414 1820 2642 1864 causas

539 1906 573 1934 “
616 1899 996 1987 hujusmodi
1063 1899 1463 1966 sufficienter
1529 1900 1932 1979 instructos;
1998 1919 2148 1964 cum
2210 1900 2517 1964 omnibus
2573 1905 2644 1966 et

539 2006 578 2037 “
622 2002 899 2090 singulis
943 2003 1127 2084 actis,
1173 2003 1484 2082 actitatis,
1530 2001 1794 2081 litteris,
1834 2000 2197 2088 scripturis,
2242 2001 2644 2068 instrumen-

539 2109 576 2139 “
619 2104 730 2182 tis,
783 2103 1067 2192 juribus,
1129 2104 1554 2192 processibus,
1616 2107 1687 2170 et
1749 2102 2180 2169 munimentis
2246 2104 2646 2190 quibuscun-

540 2211 580 2242 “
624 2228 772 2293 que,
802 2229 1066 2273 causam
1111 2211 1181 2273 et
1224 2228 1454 2273 causas
1495 2205 1880 2292 hujusmodi
1922 2205 2373 2293 tangentibus,
2402 2212 2471 2272 et
2500 2228 2646 2273 eam

542 2315 580 2345 ‘⁸
624 2331 742 2376 seu
808 2332 921 2376 eas
974 2309 1475 2397 quomodolibet
1537 2309 2100 2389 concernentibus,
2153 2310 2451 2397 praefatis
2512 2310 2648 2376 Do-

545 2416 582 2445 “
626 2411 829 2477 minis
887 2411 1142 2477 Abbati
1204 2417 1272 2479 et
1335 2411 1733 2490 conventui,
1778 2433 1855 2477 ac
1918 2411 2224 2491 Henrioe,
2269 2412 2648 2499 principali-

546 2520 581 2550 “
626 2512 766 2592 bus,
811 2535 929 2580 seu
989 2535 1218 2580 eorum
1276 2513 1579 2601 legitimo
1622 2513 2052 2600 procuratori,
2112 2535 2231 2601 pro
2277 2514 2388 2592 eis,
2437 2514 2519 2579 de
2579 2518 2650 2580 et

546 2621 581 2651 “
625 2635 821 2702 super
851 2615 1160 2680 omnibus
1205 2619 1276 2680 et
1320 2614 1599 2702 singulis
1627 2614 1700 2679 in
1745 2615 1926 2681 dicta
1952 2614 2144 2680 nobis
2176 2614 2649 2681 Commissione

628 2716 958 2783 contentis
1004 2716 1087 2782 de
1122 2716 1395 2804 justitia
1423 2717 1819 2804 responsuri,
1849 2738 1926 2782 ac
1970 2718 2036 2782 in
2087 2738 2283 2783 causa
2327 2722 2397 2783 et
2440 2716 2649 2784 causis

545 2826 582 2856 “
626 2818 1004 2936 hujusmodi
1049 2819 1136 2884 ad
1205 2839 1432 2886 omnes
1497 2824 1567 2884 et
1608 2818 1905 2907 singulos
1949 2824 2137 2886 actus
2179 2819 2517 2906 gradatim
2577 2824 2647 2886 et

548 2928 583 2957 “
628 2922 971 3000 succesive,
1021 2925 1093 2986 et
1135 2943 1344 3008 usque
1388 2921 1475 2986 ad
1520 2919 1948 2986 diffinitivam
1993 2921 2392 2987 sententiam
2440 2920 2652 2988 inclu-

546 3028 584 3059 “
627 3022 787 3101 sive,
818 3022 1060 3089 debitis
1090 3028 1160 3089 et
1204 3022 1537 3089 consuetis
1563 3021 1868 3087 terminis
1912 3026 1983 3087 et
2027 3021 2473 3101 dilationibus,
2502 3046 2653 3111 pro-

548 3130 585 3160 “
631 3124 933 3204 cedend0,
978 3130 1059 3191 ut
1101 3125 1301 3191 moris
1363 3129 1482 3201 est,
1534 3122 1898 3211 processuri
1961 3128 2031 3189 et
2075 3123 2341 3210 procedi
2398 3125 2652 3205 visuri3

548 3231 584 3262 “
628 3226 920 3313 aliasque
963 3226 1228 3308 dicturi,
1275 3225 1534 3304 facturi,
1582 3225 1898 3305 audituri,
1957 3230 2027 3293 et
2070 3227 2417 3313 recepturi,
2477 3227 2653 3314 quod

548 3335 586 3362 “
621 3328 890 3415 justitia
931 3328 1252 3407 suadebit,
1293 3333 1363 3394 et
1406 3327 1569 3393 ordo
1614 3326 1966 3393 dictaverit
2009 3326 2305 3394 rationis.
2396 3328 2655 3396 Certifi-

552 3437 586 3465 “
631 3431 838 3498 cando
882 3430 1318 3497 nihilominus
1347 3429 1610 3497 eosdem
1656 3430 1911 3509 citatOS,
1956 3430 2135 3517 quod
2181 3431 2321 3497 sive
2352 3432 2425 3496 in
2473 3432 2651 3498 dicto

551 3540 586 3568 “
631 3533 968 3600 citationis
995 3533 1294 3615 ter-minc,
1327 3537 1408 3598 ut
1450 3532 1857 3619 praemissum
1903 3537 2020 3614 est,
2066 3555 2439 3621 comparere
2468 3556 2652 3600 cura-

554 3641 589 3670 “
634 3636 877 3716 verint,
924 3636 1063 3702 sive
1123 3658 1278 3714 non,
1324 3656 1444 3701 nos
1486 3633 1979 3716 ‘nihilominua
2043 3638 2152 3702 vel
2209 3640 2651 3727 surrogandus

555 3744 591 3774 “
637 3736 931 3805 Auditor
968 3738 1340 3825 praedictus,
1369 3737 1455 3803 ad
1499 3737 1708 3825 partis
1736 3760 1999 3805 causam
2030 3762 2141 3806 seu
2176 3762 2402 3807 causas
2430 3742 2655 3829 hujus·

554 3846 594 3876 “
638 3840 819 3907 modi
911 3840 1212 3928 prosequi
1303 3840 1598 3905 curantis
1670 3840 2081 3923 instantiam,
2157 3843 2241 3907 ad
2317 3844 2655 3930 praemissa

555 3948 594 3979 “
637 3942 863 4009 omnia
890 3947 960 4008 et
987 3941 1262 4030 singula,
1308 3963 1385 4007 ac
1426 3940 1605 4021 alias,
1650 3946 1850 4028 prout
1884 3943 2142 4028 justum
2191 3944 2409 4021 fuerit,
2439 3967 2657 4031 proce-

558 4051 596 4080 “
642 4043 886 4124 demus,
919 4066 1035 4111 seu
1064 4042 1388 4132 procedet,
1422 4043 1746 4110 dictorum
1796 4043 2152 4109 citatorum
2196 4045 2499 4111 absentia
2542 4069 2657 4113 seu

557 4150 594 4182 “
638 4146 1051 4213 contumacia
1108 4146 1183 4212 in
1241 4145 1464 4232 aliquo
1509 4166 1645 4211 non
1689 4143 2010 4210 obstante.
2104 4145 2195 4212 Et
2239 4145 2525 4235 insuper,
2556 4157 2658 4214 at-

559 4256 596 4283 “
638 4249 973 4316 tendendo
1031 4248 1225 4335 quod,
1270 4248 1390 4314 lite
1449 4253 1519 4313 et
1579 4269 1781 4313 causa
1838 4246 2217 4333 hujusmodi
2276 4250 2372 4315 sic
2438 4272 2655 4315 coram

557 4358 592 4388 “
636 4350 828 4416 nobis
872 4352 946 4416 in
989 4351 1289 4416 Romana
1336 4348 1541 4416 Curia
1577 4347 1868 4415 indecisa
1912 4349 2259 4436 pendente,
2306 4349 2334 4390 ³
2351 4351 2521 4416 nihil
2564 4352 2657 4418 sit

626 4617 907 4681 ¹‘ydoneos
889 4632 946 4668 m
970 4616 1086 4669 MS.
1718 4614 1742 4647 ³
1763 4614 1919 4667 nichil
1935 4614 1991 4665 in
2016 4615 2131 4667 MS.

663 4696 940 4747 nichilomin
908 4713 1000 4746 nus
1024 4695 1081 4747 in
1104 4695 1222 4749 MS·
