3467 5717
1321 824 1673 876 APPENDIX
1724 807 1842 893 (c).
2513 805 2654 869 425

533 1009 686 1076 terii
750 1009 834 1076 de
879 1008 1102 1095 Hyda,
1137 1007 1282 1094 jam
1350 1007 1696 1088 nominati,
1746 1010 1826 1073 ut
1892 1008 2122 1094 reperi,
2170 1029 2431 1074 causam
2497 1030 2645 1095 pos-

532 1114 739 1178 terius
769 1111 1129 1177 declarabo,
1221 1109 1505 1176 Sanctus
1546 1131 1833 1196 namque
1865 1109 2014 1175 Rex
2045 1110 2435 1193 Edwardus‚
2464 1110 2645 1177 filius

534 1213 737 1300 Regis
798 1213 825 1252 ¹
844 1212 1256 1293 Etheldredi‚
1304 1211 1505 1299 Regis
1553 1212 1948 1300 Anglorum‚
1993 1234 2077 1277 ex
2137 1212 2392 1292 Emma,
2437 1213 2642 1278 Ducis

535 1315 969 1380 Normanniae
1042 1314 1200 1393 filia,
1270 1313 1681 1401 progenitae,
1741 1335 1866 1401 pro
1936 1312 1962 1353 ²
1992 1313 2300 1380 obscoena
2362 1314 2644 1380 nimium

536 1413 1037 1482 ¹'familiaritate
1080 1416 1261 1481 inter
1303 1416 1516 1502 ipsam
1561 1420 1632 1480 et
1664 1414 2049 1494 Robertum,
2084 1420 2248 1481 tunc
2293 1416 2648 1482 Cantuari-

535 1540 757 1585 ensem
786 1518 1385 1605 Archiepiscopum‚
1435 1539 1632 1603 penes
1678 1517 1899 1603 ipsum
1935 1517 1964 1556 4
1981 1515 2220 1600 delata,
2251 1540 2367 1604 per
2396 1518 2643 1585 ferrum

534 1620 839 1707 ignitum,
871 1626 952 1686 ut
997 1624 1159 1685 tunc
1189 1620 1504 1705 temporis
1537 1619 1734 1684 moris
1766 1620 2004 1696 fuerat,
2034 1620 2304 1707 purgari
2333 1620 2646 1688 decrevit.

538 1722 705 1803 Quae
748 1727 1003 1810 septem
1048 1721 1294 1787 cultros
1325 1720 1350 1759 ⁵
1366 1720 1612 1786 ferreos
1657 1721 1927 1807 ignitos,
1960 1721 2159 1787 solita
2187 1721 2646 1789 benedictione

535 1824 933 1903 benedictos,
977 1823 1290 1889 invocata
1350 1822 1665 1910 primitus
1734 1844 1856 1908 ope
1897 1810 2148 1889 ‘Beatae
2213 1823 2447 1890 Mariae
2493 1825 2644 1891 Vir-

535 1926 724 2013 ginis
758 1930 830 1991 et
872 1925 1123 2007 habita,
1157 1923 1364 1991 illaesa
1408 1924 1872 2011 pertransienS,
1905 1925 2047 1991 Deo
2091 1929 2162 1990 et
2206 1947 2342 1992 suae
2386 1925 2414 1964 ⁶
2434 1925 2647 1993 Gene-

535 2028 690 2094 trici
754 2028 1008 2115 gratias
1073 2027 1383 2108 referens,
1452 2026 1683 2104 evasit,
1750 2031 2130 2113 septemque
2196 2025 2387 2092 hidas
2455 2032 2648 2095 terrae

536 2128 752 2194 eidem
794 2128 1196 2195 monasterio
1233 2129 1460 2195 Sancti
1492 2128 1886 2194 Grumbaldi
1931 2150 2049 2215 pro
2094 2150 2215 2195 sua
2259 2130 2649 2197 liberatione

536 2228 866 2295 contulit:
939 2230 1119 2295 unde
1193 2231 1367 2295 idem
1438 2230 1910 2296 monasterium
1984 2236 2019 2265 “
2040 2231 2121 2296 de
2185 2231 2448 2318 Hyda,”
2513 2255 2651 2298 non

538 2338 575 2366 “
593 2331 826 2397 Sancti
851 2331 1305 2410 Grumbaldi,'’
1328 2336 1406 2397 ut
1433 2332 1764 2419 primitus,
1794 2330 2198 2419 appellatum
2229 2332 2372 2399 fuit.
2417 2333 2651 2400 Solent

537 2434 769 2518 utique
814 2434 1033 2520 priora
1077 2434 1551 2521 posterioribus
1595 2436 1835 2521 saepius
1880 2434 2312 2520 praescribere,
2361 2432 2386 2470 ⁷
2403 2436 2651 2522 aliquo-

539 2535 714 2600 tiens
757 2557 916 2602 vero
961 2536 1324 2624 posteriora
1366 2536 1700 2622 prioribus
1745 2538 2071 2622 derogare.

629 2635 987 2703 Consimile
1030 2638 1235 2704 etiam
1283 2637 1672 2703 miraculum
1743 2637 1993 2702 factum
2045 2635 2182 2701 fuit
2229 2637 2312 2702 de
2365 2636 2391 2676 ⁸
2411 2638 2645 2706 Mona-

537 2739 765 2825 gunda
825 2739 1271 2826 Imperatrice‚
1316 2739 1744 2826 Imperatoris
1807 2738 2084 2805 Henrici
2145 2739 2438 2827 conjuge,
2485 2739 2513 2780 ⁹
2534 2742 2649 2808 sed

538 2841 816 2928 virgine,
862 2843 944 2907 de
1006 2842 1290 2927 quodam
1350 2841 1566 2907 milite
1625 2841 1792 2907 falso
1835 2847 1906 2906 et
1949 2841 2256 2926 nequiter
2300 2842 2649 2924 defamata,

542 2947 612 3008 et
641 2944 1043 3029 purgatione
1072 2942 1402 3009 consimili
1434 2941 1838 3027 adjudicata,
1869 2963 1992 3028 ope
2028 2942 2322 3026 ejusdem
2351 2943 2652 3031 Virginis

539 3044 861 3131 gloriosae,
922 3051 993 3109 et
1054 3043 1290 3109 Sancti
1356 3043 1720 3122 Laurentii,
1778 3042 1978 3126 hujus
2038 3043 2325 3130 Capellae
2385 3046 2650 3132 patroni

540 3146 900 3233 praecipui3
947 3144 1119 3210 sicut
1166 3144 1343 3210 idem
1389 3144 1779 3231 Imperator,
1826 3141 1879 3181 ¹⁰
1902 3166 2018 3229 pro
2048 3144 2171 3209 hoc
2199 3145 2436 3211 scelere
2466 3147 2650 3213 dam-

538 3246 782 3325 nand0‚
811 3267 930 3333 per
958 3246 1225 3312 calicem
1255 3267 1529 3312 aureum
1567 3246 1754 3312 mirae
1795 3245 2273 3332 magnitudinis
2303 3252 2373 3312 et
2403 3247 2649 3330 formae,

540 3349 800 3416 cuidam
847 3349 1249 3414 monasterio
1295 3347 1593 3433 ejusdem
1640 3347 1872 3413 Sancti
1917 3347 2245 3433 imperiali
2266 3348 2316 3386 ¹¹

542 3448 595 3490 ¹²
619 3449 931 3537 primitus
961 3450 1232 3531 donati3
1277 3455 1480 3537 prout
1508 3449 1582 3513 in
1611 3448 1845 3514 tabula
1875 3448 1959 3514 de
1987 3449 2331 3535 praeconiis
2361 3450 2417 3536 ej
2426 3451 2653 3518 usdem

544 3551 790 3633 Sancti,
838 3572 926 3617 ex
968 3551 1183 3617 altera
1228 3556 1420 3637 parte
1463 3550 1665 3636 hujus
1706 3549 1960 3631 altaria
2004 3550 2267 3639 plenius
2311 3560 2599 3640 apparet.

587 3750 641 3793 ¹³
662 3751 996 3836 Quoedam
1041 3753 1392 3819 commotio
1434 3751 1868 3820 villammm
1911 3754 2151 3821 Sancti
2193 3755 2477 3838 Albani,
2521 3760 2611 3826 ‘im

816 3854 1124 3923 absentia
1165 3856 1229 3921 A
1243 3854 1471 3936 bbatis,
1519 3854 1599 3921 de
1645 3854 1900 3922 bandis
1943 3863 2005 3924 et
2049 3857 2407 3927 limitibus.

634 3979 761 4044 Per
832 3977 1011 4044 idem
1093 3981 1373 4065 tempus,
1447 3978 1684 4044 villani
1763 3979 1997 4044 Sancti
2069 3978 2338 4061 Albani,
2415 3983 2653 4069 spiritu

546 4079 820 4146 malitiae
880 4083 950 4144 et
1009 4080 1329 4166 nequitiae
1390 4079 1650 4166 agitati,
1711 4101 1968 4166 semper
2018 4101 2207 4159 nova,
2253 4081 2541 4164 insolita,
2587 4090 2658 4151 et

615 4272 633 4306 ¹
655 4271 956 4324 Etheldrede
979 4273 1031 4323 in
1054 4274 1168 4326 MS.
1719 4273 1763 4306 ¹⁰
1778 4291 1876 4341 per
1897 4274 1950 4324 in
1976 4273 2089 4327 MS.

613 4352 635 4386 2
657 4352 855 4416 obceno,
874 4353 1189 4419 apparently,
1216 4351 1272 4403 in
1293 4352 1407 4405 MS.
1720 4353 1760 4385 ¹¹
1781 4353 1968 4404 Hiatus
1989 4352 2041 4403 in
2064 4352 2178 4406 MS.
2228 4355 2337 4407 The
2360 4363 2589 4410 sentence
2611 4359 2657 4412 is

612 4431 636 4465 ²
643 4432 1047 4496 familiaritatem
1068 4432 1122 4483 in
1145 4430 1259 4484 MS.
1649 4430 1909 4483 defective.

615 4510 636 4542 ⁴
662 4510 876 4561 delatam
898 4512 953 4562 in
975 4511 1091 4562 MS.
1718 4509 1759 4542 ¹2
1773 4511 1997 4576 prinum
2017 4510 2072 4560 in
2093 4510 2209 4564 MS.

616 4591 637 4623 ⁵
648 4592 840 4655 sen-ios
861 4590 916 4640 in
937 4590 1053 4642 MS.
1717 4588 1758 4622 ¹³
1785 4590 1896 4641 The
1920 4597 2128 4641 context
2154 4589 2197 4640 is
2233 4591 2508 4643 continued
2537 4593 2656 4646 here

618 4668 640 4701 ⁶
670 4667 921 4720 Genium
942 4669 994 4719 in
1016 4668 1130 4720 MS.
1650 4667 1764 4731 (fol.
1805 4673 1898 4718 124
1921 4669 1982 4733 b)
2016 4667 2229 4720 without
2261 4684 2362 4735 any
2396 4672 2566 4732 break,
2599 4687 2659 4723 or

620 4747 642 4784 Τ
663 4747 914 4799 alicotiens
936 4749 990 4798 in
1013 4749 1125 4801 MS.
1650 4762 1776 4798 even
1801 4746 1902 4797 this
1924 4735 2134 4813 passage
2156 4747 2312 4812 being
2333 4748 2530 4801 written
2551 4766 2605 4802 as
2629 4768 2661 4803 a

618 4826 641 4858 ⁸
668 4826 743 4878 Or
770 4825 1093 4890 eumundo.
1600 4873 1603 4896 Ι
1646 4826 1855 4888 Rubrio,
1885 4827 1987 4876 and
2031 4825 2088 4876 in
2125 4842 2189 4877 an
2239 4827 2420 4880 almost
2470 4829 2662 4881 similar

624 4903 645 4935 ⁹
669 4913 744 4954 set
767 4904 819 4954 in
843 4907 953 4956 MS.
1599 4901 1604 4962 ζ
1648 4905 1796 4955 band.
