3467 5717
1263 876 1266 879 Ι
1370 804 1612 856 simon
1659 804 1935 858 ALBAM.
2558 795 2687 858 333

661 991 904 1055 “Patet
936 990 1159 1076 igitur,
1190 994 1383 1076 pater
1405 991 1517 1072 mi,
1539 991 1768 1056 Abbas
1792 989 2021 1056 Sancti
2046 989 2313 1069 Albani,
2340 991 2686 1076 quomod0,
2716 996 2850 1047 A-D·
2882 998 3007 1044 1433

585 1098 623 1126 “
667 1115 812 1157 cum
845 1093 972 1158 hiis
1002 1092 1307 1158 omuibus
1347 1094 1419 1158 in
1464 1093 1687 1178 aliquo
1733 1092 2176 1157 contradicere
2206 1114 2338 1157 non
2370 1092 2688 1179 poteritiS,

583 1202 618 1232 “
664 1218 863 1282 quam
894 1195 1197 1282 legaliter
1239 1196 1381 1283 ipse
1425 1217 1542 1283 pro
1590 1216 1735 1261 meo
1772 1194 1939 1280 jure,
1970 1216 2216 1281 vosque
2250 1195 2540 1262 inaniter
2572 1217 2691 1283 pro

584 1306 620 1333 “
668 1299 897 1365 Priore
941 1304 1182 1378 vestro,
1228 1298 1301 1363 in
1348 1297 1659 1385 praesenti
1706 1296 1975 1384 negotio
2022 1295 2393 1364 laboratis?

744 1580 1125 1668 Replicatio
1170 1578 1457 1647 Abbatis
1501 1587 1740 1646 contra
1782 1580 2127 1648 Dom'e'snos
2168 1580 2537 1671 Epi-scopos

1411 1680 1858 1768 supradictos.

677 1828 920 1907 Abbas,
952 1824 1201 1892 auditis
1241 1824 1588 1911 utriusque
1619 1825 1927 1891 Praesulis
1972 1825 2345 1891 rationibus
2377 1830 2446 1893 et
2491 1826 2687 1892 moti·
2710 1836 2929 1887 Answer

585 1930 707 2010 vie,
754 1950 903 1995 cum
947 1950 1025 1994 ea
1069 1949 1203 2013 qua
1246 1927 1470 1993 decuit
1511 1928 1904 2008 reverentia,
1945 1928 2250 2015 opposuit
2297 1950 2364 1994 se
2408 1951 2526 2016 pro
2571 1952 2690 1995 sua
2716 1969 2877 2020 theA
2715 1904 2863 1953 made
2825 1904 3002 2020 Abgot

587 2031 872 2112 ecclesia,
904 2051 1370 2115 assumensque
1414 2029 1543 2095 sibi
1603 2028 1964 2147 spiritum¹
1993 2030 2248 2096 consilii
2306 2037 2376 2097 et
2428 2032 2691 2098 fortitu-
2714 2042 2767 2085 to
2789 2035 2876 2086 the

586 2135 779 2213 dinis,
810 2131 1190 2198 affabatur
1171 2152 1347 2218 ipsos
1376 2131 1619 2209 ambos,
1651 2132 1722 2196 in
1754 2132 2049 2219 ipsisque
2095 2154 2322 2198 omnes
2353 2132 2535 2215 alios,
2566 2134 2690 2200 sub
2715 2109 3025 2234 ἷεῇἳῑῖἳθ

589 2236 721 2301 hiis
764 2234 1187 2301 sententiosis
1230 2233 1558 2302 verbis.—
2714 2233 2866 2285 Prior
2886 2235 2949 2284 or

684 2346 718 2376 “
749 2338 1189 2404 Ecclesiamm
1249 2337 1595 2425 principes,
1660 2341 1732 2401 et
1792 2336 1953 2402 belli
2011 2337 2302 2420 alterius,
2373 2339 2544 2420 licet,
2610 2346 2691 2407 ut
2713 2301 2962 2367 Bynham.

588 2449 625 2476 ‘⁸
670 2461 876 2527 spero,
907 2461 1043 2505 non
1073 2440 1281 2521 istius,
1329 2438 1764 2526 triumphales
1807 2439 2345 2527 duces—Pugna
2389 2443 2691 2528 quamvis

591 2548 625 2577 “
672 2547 1017 2608 censeatur
1064 2541 1452 2623 voluntatis,
1498 2541 1723 2628 potius
1791 2563 1991 2627 quam
2050 2542 2344 2622 rationis,
2388 2543 2507 2608 ubi
2553 2558 2691 2610 tam

592 2652 626 2678 “
672 2644 947 2731 pluralis
1015 2648 1115 2710 est
1175 2647 1472 2730 potestas
1517 2664 1668 2729 quae
1727 2643 2030 2709 invasive
2074 2645 2378 2731 percutit,
2425 2651 2694 2733 tamque

592 2751 626 2780 “
673 2746 1027 2833 singularis
1079 2745 1468 2833 simplicitas
1527 2766 1677 2832 quae
1736 2745 2150 2812 defendendo
2201 2746 2469 2829 resistit,
2519 2754 2695 2814 atta-

594 2854 628 2882 “
675 2870 846 2929 men,
894 2870 980 2915 ne
1046 2849 1258 2935 premi
1304 2849 1536 2915 videar
1595 2870 1635 2913 a
1694 2847 1869 2914 mole
1914 2853 2155 2915 vestrae
2197 2850 2694 2936 magnitudinis,

593 2957 631 2988 “
676 2972 1039 3038 proponam
1088 2956 1316 3016 contra
1362 2972 1481 3017 vos
1526 2951 1954 3037 aequitatem3
1998 2950 2122 3017 hoc
2165 2964 2283 3032 est,
2331 2952 2698 3038 objicienti-

591 3060 627 3088 “
674 3054 798 3119 bus
840 3051 1240 3139 reobjiciam,
1286 3059 1357 3119 et
1399 3052 1732 3139 posterius
1786 3052 2194 3140 respondebo
2238 3076 2355 3140 per
2400 3055 2697 3121 ordinem

592 3164 625 3192 “
670 3154 948 3243 singulis
992 3153 1401 3229 motionibus
1446 3155 1701 3222 vestris.
1828 3154 1915 3219 In
1977 3155 2419 3242 reobjiciendo
2462 3157 2697 3244 utique

590 3264 629 3292 “
673 3256 948 3323 intendo
993 3257 1209 3373 primo
1255 3278 1374 3373 per
1417 3277 1536 3322 sex
1582 3255 1876 3322 rationes
1920 3256 2323 3336 concludere,
2370 3280 2563 3345 quom
2571 3260 2697 3325 odo

591 3365 626 3395 “
675 3358 839 3440 Rex,
902 3360 1017 3444 qui
1083 3362 1185 3425 est
1260 3359 1332 3424 in
1406 3381 1611 3446 regno
1673 3359 1943 3446 Angliae
2018 3359 2318 3447 capitalis
2392 3360 2699 3426 dominus

590 3467 627 3495 “
673 3460 1076 3549 temporalis,
1107 3465 1346 3548 potest,
1376 3484 1459 3527 ex
1490 3460 1906 3548 plenitudine
1928 3482 2067 3528 suae
2096 3463 2444 3548 potestatis
2474 3463 2699 3548 hujus-

591 3569 630 3600 “
673 3563 869 3642 modi,
916 3584 959 3628 a
1019 3563 1405 3629 collectione
1467 3562 1871 3629 decimarum
1932 3563 2280 3630 concedere
2338 3563 2697 3633 libertates.

591 3671 630 3701 “
675 3665 951 3746 Deinde,
1013 3665 1340 3751 quomodo
1404 3664 1698 3731 conditio
1743 3686 2011 3731 annexa
2075 3666 2147 3730 in
2210 3666 2696 3734 Convocatione

592 3773 628 3803 “
674 3767 829 3834 cleri
858 3767 948 3833 sit
978 3766 1270 3832 conditio
1300 3766 1561 3845 vitiosa,
1596 3767 2055 3856 contrariaque
2076 3767 2235 3854 juri,
2267 3790 2697 3858 expresseque

588 3880 624 3908 “
671 3872 985 3937 adversus
1024 3872 1331 3938 coronam
1375 3871 1643 3958 regiam,
1689 3894 1768 3938 ac
1812 3878 2046 3938 contra
2090 3874 2386 3938 omnium
2448 3875 2696 3941 consci-

592 3981 627 4010 “
672 3973 901 4054 entias,
949 3973 1064 4061 qui
1109 3979 1466 4060 procurant
1508 3974 1717 4061 ipsius
1762 3974 2260 4061 appositionem.

678 4084 712 4113 “
744 4076 837 4142 Et
880 4096 998 4163 pro
1043 4081 1232 4162 parte
1273 4075 1544 4141 Domini
1582 4076 1800 4163 Regis,
1839 4075 2147 4160 reobjicio
2194 4075 2406 4162 primo
2452 4075 2523 4140 in
2569 4075 2697 4141 hiis

593 4184 629 4214 “
674 4177 1066 4244 conclusivis
1106 4177 1721 4245 verbis—Tantam
1756 4181 2159 4264 potestatem
2203 4176 2277 4241 in
2321 4198 2524 4265 regno
2554 4178 2696 4242 An-

589 4288 623 4316 “
667 4279 820 4369 gliae
863 4279 1069 4346 habet
1129 4280 1278 4346 Rex
1322 4280 1397 4345 in
1441 4278 1938 4367 temporalibus,
1984 4279 2154 4345 sicut
2199 4277 2383 4366 Papa
2428 4279 2503 4343 in
2564 4279 2696 4366 spi-

594 4388 631 4418 “
677 4381 1048 4449 ritualibus.
1140 4379 1168 4417 ⁹
1187 4376 1320 4448 Sed
1381 4381 1564 4469 Papa
1608 4387 1868 4449 tantam
1912 4381 2118 4449 habet
2160 4386 2562 4469 potestatem
2621 4382 2696 4446 in

586 4491 624 4522 “
668 4484 1149 4574 spiritualibus,
1182 4483 1360 4571 quod
1401 4489 1624 4571 potest
1668 4485 1891 4552 locum
1918 4506 2149 4564 unum,
2177 4505 2294 4550 seu
2325 4484 2696 4571 collegium,

655 4744 1107 4800 ¹0mzuaeinus.
1611 4744 1625 4815 ι
1717 4747 1740 4778 2
1765 4744 1929 4798 sain
1951 4745 2063 4800 us.
