3467 5717
743 813 870 919 {66
1401 823 1721 877 ANNALES
1765 820 2193 875 noussrnnn

405 1024 531 1080 A.D
577 1028 719 1078 1423.
748 1025 783 1054 “
828 1017 1153 1086 vistarum
1182 1024 1251 1086 et
1283 1017 1766 1102 Hussistarum,
1801 1019 1820 1056 ¹
1843 1038 2242 1105 suorumque
2285 1015 2663 1106 sequacium
2706 1039 2847 1084 cre·

747 1126 784 1157 “
831 1120 1137 1189 dentium
1188 1121 1689 1201 adhaerentium,
1751 1143 1868 1210 per
1917 1142 2168 1189 sacram
2221 1118 2248 1161 ⁹⁴
2264 1120 2618 1207 Synodum
2666 1119 2840 1188 Gon-

750 1235 784 1263 “
833 1230 1266 1296 stantiensem
1340 1228 1607 1312 factam,
1669 1250 2027 1316 eorumque
2101 1228 2662 1316 extirpationem3
2731 1227 2844 1293 de-

747 1338 783 1367 “
828 1330 985 1396 inde
1027 1353 1144 1419 per
1185 1330 1538 1420 praefatum
1581 1331 2074 1398 sanctissimum
2117 1330 2463 1398 dominum
2520 1334 2842 1413 nostrum,

749 1439 783 1467 “
831 1433 1078 1520 Papam
1123 1433 1492 1501 Martinum
1554 1434 1899 1517 Quintum,
1960 1455 2080 1522 pro
2137 1433 2395 1502 viribus
2438 1431 2466 1474 ³
2481 1436 2844 1523 procurata,

746 1543 781 1570 “
828 1538 970 1600 tam
1017 1534 1412 1623 Principum,
1460 1537 1814 1618 Baronum,
1851 1537 2395 1622 diversorumque
2437 1535 2843 1624 populorum,
2948 1574 2957 1577 -

746 1644 781 1673 “
825 1635 1323 1704 *exhortatione
1381 1659 1458 1705 ac
1515 1639 1962 1725 requisitione,
2008 1638 2035 1677 ⁶
2058 1644 2208 1705 tum
2264 1638 2468 1705 etiam
2535 1635 2846 1725 plenariae

749 1746 782 1772 “
826 1738 1262 1827 indulgentiae
1307 1741 1853 1828 prosequentibus
1894 1741 2047 1807 illas
2076 1742 2504 1820 concessione,
2536 1745 2684 1805 tum
2725 1759 2845 1825 pro

747 1849 783 1876 “
828 1842 1022 1908 totali
1066 1842 1092 1880 ⁶
1114 1842 1545 1927 absolutione,
1576 1844 1662 1909 ad
1693 1843 1987 1911 diversas
2030 1848 2254 1930 partes
2296 1843 2453 1910 bina
2480 1840 2717 1929 Legati
2762 1839 2847 1905 de

749 1950 783 1978 ‘⁶
828 1945 1035 2009 latere
1095 1943 1551 2029 destinatione,
1598 1950 1779 2012 ratas
1823 1950 1894 2012 et
1937 1951 2164 2034 gratas
2207 1944 2472 2026 habens,
2518 1940 2846 2031 approbat

748 2054 783 2082 “
830 2052 899 2113 et
943 2046 1307 2129 confirmat,
1368 2053 1602 2114 contra
1660 2049 1926 2116 eosdem
1986 2047 2433 2115 continuando
2488 2065 2846 2134 processus.

748 2156 783 2184 ‘⁶
831 2149 1148 2216 Decernit
1178 2171 1402 2217 omnes
1431 2148 1458 2192 ⁷
1479 2156 1951 2239 prosequentes
1979 2173 2053 2217 ac
2081 2152 2509 2238 procurantes
2552 2147 2847 2234 extirpa-

749 2258 784 2286 “
831 2251 1083 2318 tionem
1126 2251 1323 2319 dictae
1365 2258 1558 2320 sectae
1603 2255 1889 2343 gaudere
1941 2253 2250 2320 omnibus
2309 2251 2336 2292 ⁸
2351 2249 2723 2339 privilegiis
2778 2252 2850 2315 et

749 2359 783 2387 ‘⁶
827 2354 1108 2421 indultis
1138 2353 1283 2421 ”vel
1325 2356 1614 2423 hominis
1658 2362 2073 2445 peccatorum
2132 2356 2400 2424 veniam
2460 2376 2846 2422 concernen-

747 2464 782 2493 “
825 2456 1028 2539 tibus,
1061 2462 1291 2525 contra
1321 2459 1667 2526 haereticos
1695 2458 2194 2549 insurgentibus
2237 2458 2575 2528 concessis,
2666 2456 2718 2497 ¹⁰
2734 2456 2847 2523 In-

744 2567 783 2596 “
825 2559 1029 2626 sectos
1059 2566 1283 2629 autem
1310 2562 1461 2629 labe
1489 2563 1818 2630 dictarum
1859 2563 2213 2631 haeresium
2244 2562 2845 2650 quomodocunque,

747 2666 784 2697 “
827 2683 1056 2731 omnes
1083 2668 1154 2731 et
1183 2664 1478 2753 singulos
1523 2667 1770 2734 eisdem
1813 2666 2121 2750 consiliis,
2153 2664 2442 2742 auxiliis,
2470 2662 2578 2730 vel
2604 2663 2847 2730 favori·

747 2768 784 2799 “
827 2765 971 2848 bus,
1002 2766 1397 2847 assistentes
1431 2790 1507 2834 ac
1536 2770 1796 2836 eosdem
1827 2768 2255 2836 defendentes
2283 2767 2393 2834 vel
2423 2770 2846 2854 receptantes,

744 2874 778 2904 “
823 2889 1079 2936 necnon
1136 2867 1188 2907 11
1211 2891 1528 2959 quaecunq
1536 2894 1619 2939 ue
1669 2872 2008 2952 victualia,
2056 2869 2301 2960 species
2346 2870 2734 2937 aromaticas
2778 2873 2850 2935 et

745 2978 780 3007 “
823 2992 1096 3059 pannos,
1149 2972 1264 3053 sal,
1308 2974 1671 3060 plumbum,
1732 2976 2042 3065 pulveres
2094 2971 2147 3012 ¹²
2163 2973 2694 3053 bumbardorum,
2734 2973 2846 3039 vel

747 3082 781 3111 “
824 3096 1026 3159 arma,
1070 3074 1212 3141 sive
1256 3077 1700 3145 instrumenta
1742 3077 1996 3158 bellica,
2027 3076 2168 3144 sive
2196 3098 2302 3144 res
2329 3075 2495 3142 alias
2525 3096 2847 3164 quascun-

743 3183 779 3213 “
824 3197 954 3263 que
997 3178 1091 3243 eis
1134 3180 1556 3259 adducentes,
1601 3180 1743 3247 sive
1786 3177 1839 3219 ¹⁸
1861 3180 2083 3266 aliqua
2134 3178 2387 3266 quaevis
2430 3177 2698 3267 negotia
2740 3178 2849 3244 vel

744 3287 780 3317 “
822 3283 1209 3350 commercia
1250 3283 1512 3372 publice
1557 3283 1666 3349 vel
1718 3283 1966 3349 occulte
2010 3282 2324 3350 facientes
2368 3303 2521 3349 cum
2563 3281 2848 3361 eisdem;

746 3390 779 3419 “
823 3405 935 3451 eos
979 3384 1183 3452 etiam
1228 3386 1343 3473 qui
1389 3387 1670 3453 scienter
1714 3407 1834 3473 per
1878 3383 2188 3464 dominia,
2217 3388 2444 3463 terras,
2488 3383 2846 3461 districtuS,

679 3575 683 3579 .
745 3492 781 3522 “
827 3483 880 3524 ¹⁴
898 3486 1043 3553 loca
1087 3488 1229 3555 sive
1273 3487 1515 3554 ditioni
1559 3486 1873 3574 subjecta,
1903 3484 2241 3575 praemissa
2283 3486 2357 3552 in
2400 3482 2454 3525 ¹⁵
2470 3490 2692 3553 totum
2736 3483 2845 3551 vel

742 3598 776 3626 “
820 3589 894 3655 in
939 3594 1128 3677 parte
1170 3589 1465 3678 praefatis
1523 3590 1849 3659 haereticis
1895 3590 2137 3658 adduci
2180 3610 2296 3658 seu
2336 3587 2688 3678 apportari,
2735 3588 2845 3654 vel

811 3886 826 3918 ¹
851 3885 1017 3936 These
1056 3883 1223 3935 words
1266 3899 1550 3949 suorumque
1576 3921 1588 3934 .
1626 3921 1639 3935 .
1678 3923 1692 3937 .
1729 3922 1744 3936 .
1836 3894 1957 3937 note
1977 3886 2282 3953 suggesting
2302 3885 2663 3938 ratihabitione.

730 3968 950 4030 factam,
973 3980 1241 4029 eorumque,
1264 3977 1349 4014 are
1363 3962 1574 4015 omitted
1595 3963 1745 4017 inthe
1902 3965 1925 4003 ⁷
1941 3964 2624 4031 persequentem—Comitia.

745 4045 1025 4097 collection
1039 4044 1096 4094 of
1112 4041 1631 4107 Concilia,(Florence
1647 4016 1754 4095 ants
1903 4044 1926 4077 ⁸
1935 4044 2154 4113 juribus,
2182 4043 2473 4112 privilegiis,
2501 4045 2557 4095 in
2584 4043 2673 4095 the
2710 4045 2840 4096 Con-

743 4125 958 4189 Venicc,
985 4125 1258 4187 1759-98‚)
1282 4129 1403 4176 tom.
1438 4122 1623 4175 xxviii.
1648 4124 1746 4178 col.
1836 4123 1971 4175 cilia.
2124 4124 2133 4131 ’

749 4209 894 4255 1160.
1905 4202 1927 4237 ⁹
1949 4205 2114 4268 ajuro
2135 4201 2211 4254 vel
2227 4200 2821 4254 abhomina—-Concilc'm

809 4283 831 4316 ²
856 4281 1086 4332 Sinodum
1109 4280 1162 4331 in
1179 4282 1293 4333 MS.
1910 4280 1950 4314 ¹⁰
1973 4289 2065 4332 aut
2085 4282 2292 4347 inficio-³
2315 4279 2753 4335 laba—Concilio.

810 4362 833 4395 ³
844 4368 1166 4428 procuratam
1201 4360 1256 4411 in
1310 4360 1445 4423 MS„
1493 4362 1749 4413 corrected
1906 4360 1945 4394 ²¹
1969 4361 2194 4413 Omitted
2214 4361 2269 4411 in
2291 4361 2377 4412 the
2405 4359 2650 4413 Concilia.

740 4441 876 4492 from
897 4441 981 4493 the
1009 4438 1247 4491 concilia.
1905 4440 1944 4473 ¹²
1966 4439 2353 4492 Lamban-dorum
2368 4440 2423 4490 in
2446 4440 2585 4502 MS.;
2623 4439 2838 4491 bombar-

808 4521 829 4554 ⁴
856 4521 1157 4571 exortatione
1177 4519 1234 4568 in
1255 4518 1367 4571 MS.
1838 4521 1931 4571 das
1952 4521 2006 4571 in
2029 4523 2115 4573 the
2142 4516 2384 4572 concilia.

809 4602 830 4632 ⁵
855 4608 954 4650 tam
975 4599 1029 4650 in
1052 4599 1138 4650 the
1166 4598 1402 4650 Com-ilia.
1907 4599 1946 4632 ¹³
1969 4598 2153 4649 alia.—
2164 4598 2403 4650 Cone-ilia.

810 4679 833 4710 ⁶
853 4677 1124 4728 abolutione
1148 4676 1200 4728 in
1223 4678 1336 4729 MS.
1361 4699 1374 4737 ;
1398 4677 1492 4728 tali
1507 4678 1749 4729 habitione
1903 4677 1940 4710 ¹⁴
1964 4675 2042 4726 vel
2056 4693 2158 4727 suae
2179 4677 2356 4728 ditioni
2376 4679 2431 4730 in
2454 4680 2537 4730 the
2560 4677 2799 4731 concilia.

739 4756 794 4808 in
839 4757 925 4809 the
974 4756 1219 4821 Concilia,
1262 4758 1386 4810 with
1429 4774 1462 4810 a
1499 4756 1749 4823 marginal
1904 4757 1942 4791 ¹⁵
1965 4757 2392 4811 tota—Concilia.
