3467 5717
846 792 976 856 416
1628 804 1990 854 APPENDIX
2038 789 2153 874 (B).

843 989 990 1053 Rex
1048 1009 1208 1054 vero
1267 987 1622 1074 inquisivit
1683 989 1741 1053 si
1805 989 2075 1074 aliquod
2127 988 2562 1076 Privilegium
2614 988 2949 1054 bullatum

841 1091 1131 1168 haberet,
1167 1112 1281 1177 per
1334 1090 1512 1176 quod
1559 1090 1723 1157 talia
1775 1091 2174 1157 vendicaret.
2268 1091 2497 1161 Abbas
2526 1112 2685 1155 vero
2730 1097 2949 1155 osten-

841 1193 942 1258 dit
996 1193 1207 1258 eidem
1255 1198 1753 1279 transumptum
1784 1193 1997 1258 Bullae
2032 1194 2316 1273 Honorii
2347 1193 2575 1271 Tertii,
2608 1193 2743 1271 ubi,
2775 1193 2951 1257 inter

742 1345 746 1348 .
842 1301 1096 1375 caetera,
1145 1295 1238 1359 sic
1297 1294 1736 1373 habetur,—-“
1762 1294 1952 1361 Sicut
1998 1294 2282 1361 Sanctus
2327 1296 2628 1369 Albanus
2674 1293 2948 1379 ¹Proto-

844 1402 879 1429 “
927 1402 1187 1483 martyr
1205 1396 1466 1483 Angliae
1498 1419 1635 1462 esse
1669 1397 2051 1478 dinoscitur,
2072 1398 2163 1462 sic
2185 1398 2492 1483 volumus
2520 1397 2698 1483 quod
2726 1397 2952 1461 Abbas

845 1502 881 1531 “
928 1499 1219 1583 ejusdem
1264 1499 1390 1563 loci
1437 1500 1510 1563 in
1570 1500 1752 1564 omni
1796 1500 1937 1592 lopo
1983 1504 2053 1564 et
2099 1500 2350 1566 ordinis
2397 1499 2727 1586 dignitate
2773 1498 2949 1564 inter

845 1605 879 1632 “
927 1621 1152 1664 omnes
1197 1600 1498 1665 Abbates
1542 1600 1805 1689 Angliae
1851 1600 2104 1686 primus
2150 1600 2529 1667 habeatur.”

932 1700 1079 1780 Qua
1110 1702 1400 1766 clausula
1429 1722 1547 1787 per
1577 1701 1943 1767 Dominum
1976 1702 2223 1789 Regem
2256 1703 2417 1782 visa,
2451 1706 2520 1767 et
2551 1724 2665 1789 per
2695 1701 2948 1767 dictum

841 1801 1275 1888 Capellanum
1322 1804 1490 1889 Regi
1539 1802 1845 1890 perlecta,
1903 1803 2066 1884 Rex,
2118 1804 2283 1870 facie
2331 1826 2562 1871 serena
2607 1809 2675 1870 et
2736 1804 2949 1880 hilari,

840 1904 1391 1990 respondens,—-“
1417 1905 1559 1970 Nos
1610 1905 1918 1971 volumus
1980 1907 2157 1993 quod
2216 1906 2504 1993 guadeas
2562 1906 2948 1993 privilegiis,

846 2012 881 2039 “
920 2006 1203 2092 juribu8,
1239 2013 1307 2073 et
1336 2007 1779 2087 libertatibus,
1813 2008 1916 2073 tui
1949 2009 2330 2074 monasterii
2365 2014 2433 2074 et
2464 2015 2733 2074 tuorum
2780 2030 2950 2095 prae-

845 2114 881 2141 “
930 2109 1356 2186 decessorum,
1404 2108 1780 2174 concessis.''

932 2211 1094 2276 Post
1123 2233 1362 2298 paucos
1412 2212 1569 2291 dies,
1604 2210 1689 2275 ad
1745 2212 2272 2298 procurationem
2304 2212 2591 2278 Abbatis
2622 2213 2950 2279 Westmo-

841 2312 1133 2394 nasterii,
1189 2319 1267 2378 ut
1327 2313 1635 2390 creditur,
1694 2313 1842 2377 Rex
1903 2314 2253 2378 accersivit
2313 2315 2563 2381 dictum
2618 2315 2952 2380 Abbatem

843 2415 1072 2481 Sancti
1117 2414 1383 2495 Albani,
1431 2437 1549 2502 per
1610 2415 1961 2501 quemdam
2023 2415 2420 2501 servientem
2474 2416 2560 2480 ad
2613 2438 2816 2494 arma,
2863 2416 2951 2481 ad

841 2538 1034 2581 suum
1068 2517 1467 2602 colloquium
1492 2541 1508 2598 ;
1554 2517 1946 2604 supplicam,
1978 2517 2202 2605 potius
2233 2539 2434 2603 quam
2465 2517 2834 2606 injungens,
2867 2524 2950 2583 ut

841 2620 1258 2702 permitteret
1309 2620 1646 2685 Abbatem
1679 2619 2254 2685 westmonasterii
2307 2620 2582 2685 alternis
2613 2621 2848 2687 diebus
2875 2621 2951 2684 in

839 2718 1123 2783 Parliam
1132 2723 1285 2784 ento
1338 2717 1364 2757 ²
1382 2720 1685 2800 residere,
1737 2722 2169 2807 quoadusque
2228 2723 2407 2787 inter
2470 2722 2728 2788 eosdem
2778 2721 2951 2788 foret

839 2820 1033 2886 aliter
1092 2822 1475 2888 discussum.
1570 2821 1766 2902 Quod
1826 2824 2049 2902 etiam,
2111 2824 2270 2889 licet
2332 2824 2548 2889 animo
2606 2825 2950 2905 renitenti,

840 2923 1039 2988 vultu
1114 2924 1432 2988 benevolo
1461 2918 1476 2931 ⁸
1508 2923 1845 3004 concessit,
1908 2925 2200 2990 recolens
2261 2924 2429 2990 illud
2484 2924 2834 3011 Sapientia,
2854 2964 2954 2974 —

841 3031 878 3059 “
903 3024 1288 3113 Indignatio
1322 3025 1524 3112 Regis
1554 3048 1769 3112 praeco
1802 3032 1906 3091 est
1936 3024 2228 3107 morti8,''
2278 3030 2348 3091 et
2378 3026 2542 3091 illud
2572 3025 2904 3114 poeticum
2936 3051 2951 3091 z

1020 3147 1057 3175 “
1103 3139 1229 3204 Est
1275 3160 1462 3203 orare
1508 3137 1726 3204 Deum
1773 3139 2019 3226 species
2065 3138 2362 3204 violenta
2406 3137 2432 3177 ³
2439 3139 2738 3224 jubendi,

1109 3246 1144 3274 “
1193 3241 1285 3305 Et
1329 3241 1515 3325 quasi
1562 3241 1818 3305 nudato
1866 3241 2194 3327 supplicat
2239 3262 2395 3306 ense
2441 3241 2722 3328 potens'’

931 3352 1348 3440 Supplicavit
1402 3352 1607 3417 etiam
1668 3353 1959 3419 Domino
2023 3353 2194 3440 Regi
2255 3357 2585 3438 quatenus
2661 3354 2742 3419 de
2816 3354 2953 3419 suis

843 3453 1313 3519 Parliamentis
1359 3458 1428 3519 et
1480 3453 1790 3531 consiliis,
1820 3459 2091 3541 propter
2120 3454 2264 3540 ejus
2310 3454 2569 3520 senium
2624 3460 2694 3520 et
2744 3456 2951 3542 impo-

841 3556 1146 3634 tentiam,
1199 3557 1418 3641 ipsum
1464 3556 1739 3621 haberet
1787 3556 2022 3622 amodo
2086 3561 2487 3623 excusatum.
2609 3557 2737 3623 Cui
2803 3557 2951 3624 Rex

840 3657 1210 3721 consentire
1262 3657 1497 3735 noluit,
1531 3679 1823 3723 asserens
1872 3679 2062 3724 suum
2118 3658 2463 3724 consilium
2496 3664 2565 3724 et
2594 3659 2723 3724 sibi
2768 3658 2950 3723 simi-

842 3758 1004 3822 lium
1055 3757 1182 3823 sibi
1230 3764 1298 3822 ct
1342 3778 1461 3822 suo
1506 3780 1709 3844 regno
1756 3759 2115 3846 plurimum
2159 3760 2669 3848 ‘'opportunum.

932 3859 1167 3924 Voluit
1196 3864 1420 3924 tamen
1476 3858 1703 3925 Abbas
1733 3861 2305 3928 westmonasterii
2361 3863 2432 3927 in
2485 3862 2951 3928 Parliamentis

845 3962 1130 4049 pacificis
1169 3962 1613 4047 postmodum,
1645 3965 1725 4026 ut
1775 3961 1906 4039 alii,
1952 3962 2339 4048 praesidere3
2387 3962 2412 4000 ⁶
2436 3964 2553 4029 sed
2607 3964 2952 4050 explorata

840 4064 1199 4152 praesentia
1250 4063 1536 4128 Abbatis
1586 4062 1814 4129 Sancti
1867 4064 2116 4129 Albani
2147 4064 2412 4143 ibidem,
2446 4086 2635 4130 suam
2667 4087 2952 4152 praesen-

840 4168 1006 4231 tiam
1040 4187 1080 4230 a
1112 4164 1560 4230 Parliamento
1591 4166 1808 4230 voluit
1856 4166 2160 4231 totaliter
2212 4167 2575 4247 absentare,
2611 4189 2819 4254 usque
2864 4169 2953 4232 ad

909 4386 923 4421 ¹
949 4385 1306 4436 Prothomartir
1327 4386 1383 4437 in
1404 4387 1516 4438 MS.
1942 4388 2003 4439 of
2030 4389 2115 4440 the
2137 4398 2256 4455 poet
2288 4391 2409 4441 here
2442 4390 2648 4441 alluded
2682 4397 2736 4441 to
2770 4389 2814 4438 is
2836 4404 2953 4454 pro-

906 4465 929 4498 2
951 4465 1167 4517 resedere
1187 4465 1240 4515 in
1263 4465 1376 4517 ΜΒ.
1938 4469 2093 4533 bably
2113 4470 2387 4527 unknown.

908 4544 930 4578 ³
952 4546 1111 4608 ηιῦειί,
1153 4545 1466 4611 apparently,
1505 4544 1560 4595 in
1584 4544 1728 4598 MS.:
1765 4546 1852 4596 the
2002 4547 2023 4578 ⁴
2050 4556 2335 4612 oportunum
2357 4548 2410 4599 in
2431 4548 2546 4599 MS.

844 4633 1039 4676 correct
1073 4626 1300 4690 reading,
1322 4624 1571 4688 however,
1604 4625 1649 4676 is
1689 4625 1851 4676 found
1999 4626 2021 4658 ⁵
2041 4633 2117 4676 set
2139 4626 2193 4677 in
2214 4627 2329 4679 MS.

840 4704 894 4754 in
916 4719 1044 4768 page
1067 4709 1165 4754 308
1185 4711 1320 4766 ante,
1336 4703 1435 4757 line
1461 4710 1508 4756 5.
1574 4703 1685 4757 The
1702 4719 1850 4757 name
