3467 5717
800 818 931 882 282
1452 829 1773 881 annuns
1817 828 2248 881 ποιμα-[ΕΒΗ

460 1054 559 1092 ω.
574 1047 691 1096 uzo,
704 1048 772 1092 zo.
795 1025 833 1054 “
878 1020 1038 1085 dum
1113 1015 1438 1105 expressis
1503 1015 1784 1082 scientia
1852 1021 1925 1083 et
1995 1038 2337 1098 consensu,
2397 1039 2478 1085 ac
2552 1018 2912 1106 mbsmipti·

797 1129 832 1155 “
877 1120 901 1159 ¹
919 1120 1221 1208 bipertiti
1266 1120 1597 1206 reciproca
1640 1119 2102 1186 recordatione.

884 1231 919 1261 ‘⁶
948 1223 1353 1289 ordinamus
1403 1221 1684 1288 ulterius
1731 1223 2033 1302 secundo,
2082 1244 2160 1288 ac
2212 1243 2330 1309 pro
2377 1223 2571 1289 firma
2597 1224 2742 1311 lege
2769 1223 2904 1290 dis-

797 1334 836 1363 “
880 1326 1147 1392 tristius
1206 1324 1588 1404 diffinimus,
1643 1324 1824 1410 quod
1875 1324 2180 1391 custodes
2239 1326 2436 1392 cistae
2476 1323 2504 1364 ²
2519 1326 2904 1406 communis,

798 1437 830 1464 “
877 1429 994 1515 qui
1040 1449 1160 1515 pro
1208 1432 1504 1514 tempore
1550 1425 1823 1508 fuerint,
1864 1426 1986 1492 hos
2015 1427 2320 1493 redditus
2369 1448 2612 1509 omnes,
2655 1435 2726 1495 et
2755 1449 2904 1514 pro-

799 1538 835 1566 “
882 1534 1139 1608 ventus,
1168 1530 1257 1595 ad
1304 1551 1456 1595 suas
1507 1550 1747 1595 manus
1792 1529 1864 1593 in
1928 1528 2142 1595 forma
2190 1551 2324 1616 qua
2378 1531 2624 1596 dicitur
2675 1532 2905 1617 depor-

798 1641 831 1668 “
879 1638 1072 1712 tatos,
1102 1633 1315 1719 plene,
1346 1632 1624 1719 integre,
1654 1634 1726 1697 et
1756 1632 2007 1718 absque
2036 1653 2425 1718 quacunque
2453 1633 2903 1709 distractione,

799 1742 835 1770 “
882 1734 1219 1813 dilatione,
1275 1738 1397 1800 aut
1450 1733 1915 1815 diminutione,
1961 1735 2036 1799 in
2085 1734 2266 1801 dicta
2309 1732 2688 1801 ”communi
2738 1735 2904 1801 cista

798 1848 833 1873 “
878 1837 1197 1904 collocent
1249 1841 1321 1903 et
1373 1839 1742 1924 reponant;
1802 1858 1952 1902 cum
2003 1836 2278 1924 hiisque,
2341 1837 2901 1924 quotienscunque

799 1948 832 1975 “
879 1940 1230 2006 necessitas
1252 1939 1485 2025 exigit,
1511 1944 1632 2025 aut
1660 1938 1971 2004 honestas
1991 1940 2291 2025 requirit,
2316 1941 2610 2028 reparari
2637 1941 2900 2020 faciant,

800 2051 836 2078 “
882 2065 999 2130 per
1057 2042 1278 2109 visum
1328 2046 1399 2106 et
1444 2026 1863 2128 supervisum
1925 2041 2232 2128 Magistri
2291 2063 2583 2130 operum,
2644 2043 2904 2131 singula

801 2153 836 2181 “
883 2145 1047 2212 talia
1094 2143 1293 2231 hujus
1340 2142 1623 2209 ecclesiae
1670 2143 1968 2222 aedificia,
1998 2144 2087 2209 ad
2126 2166 2278 2230 quse
2321 2150 2480 2211 ante
2508 2145 2651 2212 haec
2681 2151 2906 2212 nostra

797 2257 829 2283 “
878 2253 1174 2335 tempora
1246 2245 1667 2312 contribuere
1740 2244 2048 2312 solebant
2106 2246 2400 2312 officiarii
2463 2267 2706 2327 omnes,
2780 2269 2901 2313 nec

799 2359 831 2386 “
878 2351 1213 2416 commode
1266 2348 1490 2436 perfici
1522 2352 1835 2435 poterant
1877 2347 2128 2435 absque
2180 2346 2208 2388 ³
2227 2351 2558 2416 communi
2609 2350 2902 2415 subsidio

799 2459 833 2487 “
878 2452 1406 2519 contributionis.
1502 2451 1785 2517 Faciant
1831 2451 2034 2517 etiam
2078 2451 2382 2518 custodes
2425 2452 2721 2539 praedicti
2751 2474 2895 2518 cum

797 2566 830 2592 “
876 2556 1009 2621 hiis
1052 2555 1336 2642 receptis
1365 2554 1676 2642 mouniis,
1724 2574 1843 2641 per
1887 2554 2109 2621 visum
2155 2553 2466 2642 Magistri
2506 2576 2791 2642 operum,
2819 2559 2902 2620 ut

798 2666 831 2693 “
878 2679 1091 2744 supra,
1125 2678 1351 2723 omnes
1395 2657 1845 2744 reparationes
1887 2656 2066 2737 alias,
2098 2678 2284 2743 quas,
2315 2660 2437 2723 aut
2464 2657 2687 2745 vigore
2715 2678 2900 2745 sepa-

800 2766 832 2795 “
879 2760 1159 2826 rationis
1219 2760 1319 2847 pri
1330 2780 1576 2838 ωωνεε,
1625 2764 1745 2825 aut
1808 2758 2062 2825 virtute
2127 2758 2406 2845 alicujus
2468 2759 2901 2825 ordinationis

800 2871 832 2896 “
880 2863 1206 2948 posterius
1280 2883 1399 2949 per
1487 2882 1608 2927 nos
1674 2866 1795 2927 aut
1869 2881 1990 2947 per
2063 2861 2561 2947 praedecessores
2636 2868 2897 2927 nostros

799 2975 835 2999 “
878 2965 1092 3046 faotae,
1170 2965 1522 3031 tenebatur
1596 2964 1847 3043 Abbas,
1925 2963 2250 3050 aliquisve
2322 2962 2461 3049 ejus
2532 2963 2896 3041 officiarius,

797 3077 831 3103 “
877 3068 1089 3133 facere
1133 3088 1221 3134 ex
1264 3071 1454 3155 parte
1501 3066 1932 3148 Conventus;
1978 3065 2079 3132 ita
2121 3065 2299 3153 quod
2342 3065 2427 3131 ab
2470 3065 2592 3131 hac
2619 3066 2785 3130 hora
2826 3065 2901 3129 in

799 3179 831 3206 “
878 3175 1078 3236 antea
1119 3170 1291 3235 nihil
1319 3170 1636 3257 exigatur
1663 3170 1932 3256 penitus
1977 3169 2063 3235 ab
2108 3168 2252 3256 ipso
2282 3168 2564 3247 Abbate,
2596 3168 2902 3255 aliquove

797 3279 835 3310 “
881 3273 1022 3359 ejus
1066 3272 1400 3354 officiario,
1446 3294 1566 3360 pro
1626 3293 2022 3359 quacunque
2080 3271 2496 3359 reparatione
2539 3270 2760 3337 fienda
2817 3292 2901 3335 ex

799 3383 833 3410 “
880 3380 1072 3462 parte
1118 3375 1521 3454 Conventus,
1553 3379 1673 3442 aut
1716 3395 1837 3461 pro
1875 3374 2196 3462 ligatione
2238 3373 2560 3439 librorum
2588 3373 2658 3438 in
2687 3374 2902 3454 chor0,

797 3485 833 3513 “
880 3500 994 3543 seu
1038 3477 1447 3544 exhibitione
1488 3476 1519 3516 4
1538 3476 1935 3544 scholarium
1980 3476 2056 3542 in
2100 3475 2387 3558 Studi03
2430 3477 2654 3554 imm0,
2683 3476 2904 3542 omnia

800 3587 832 3615 “
878 3601 1079 3645 onera
1139 3579 1270 3646 ista
1333 3578 1408 3644 in
1465 3585 1803 3666 posterum
1866 3579 2248 3665 pertineant
2291 3576 2584 3664 plenarie
2627 3579 2713 3643 ad
2758 3578 2902 3642 Ma-

798 3688 831 3718 “
876 3681 1160 3767 gistrum
1239 3702 1527 3768 operum,
1597 3682 1996 3768 studeatque
2061 3681 2200 3762 illa,
2268 3681 2576 3768 quotiens
2649 3702 2904 3747 necesse

800 3788 836 3817 “
882 3781 1102 3860 fuerit,
1133 3782 1492 3868 diligenter
1521 3784 1765 3870 exequi
1795 3805 1946 3849 cum
1977 3782 2236 3850 effectu.
2328 3783 2610 3849 Faciant
2638 3782 2905 3869 insuper

798 3892 832 3920 “
876 3883 1237 3971 supradicti
1302 3884 1625 3968 custodes,
1671 3907 1792 3972 per
1848 3884 2071 3951 visum
2114 3884 2377 3972 praefati
2399 3952 2414 3960 ,
2444 3884 2772 3972 Magistri,
2823 3890 2904 3949 ut

798 3995 837 4022 “
886 3987 1082 4074 prius,
1130 3988 1576 4075 reparationes
1639 3990 1983 4054 domorum
2036 3992 2107 4054 et
2166 3993 2689 4055 tenementorum
2759 4009 2905 4075 per-

797 4098 834 4124 “
880 4090 1242 4156 tinentium
1304 4090 1393 4155 ad
1445 4091 1764 4178 exiguum
1810 4090 2188 4156 Prioratum
2253 4090 2336 4157 de
2400 4090 2773 4169 Redburne,
2818 4088 2904 4155 ad

799 4198 835 4228 “
880 4192 1082 4257 finem
1128 4192 1336 4273 illum,
1370 4196 1441 4258 et
1500 4193 1858 4273 intentum,
1889 4197 1971 4258 ut
2016 4192 2336 4258 fratribus
2398 4192 2730 4258 serviatur
2789 4192 2903 4256 ho-

800 4302 835 4328 “
881 4293 1135 4359 nestius
1180 4294 1255 4359 in
1299 4295 1524 4377 servis,
1557 4294 1740 4375 eseia,
1772 4301 1842 4360 et
1885 4294 2300 4377 utensilibus,
2332 4316 2532 4381 quam
2579 4293 2904 4361 servieba-

868 4563 883 4595 ¹
908 4563 993 4615 Sic
1017 4563 1070 4613 in
1096 4563 1235 4614 MS.:
1273 4578 1303 4614 a
1324 4563 1508 4628 receipt
1528 4565 1600 4629 by
1621 4571 1723 4614 two
1746 4564 1807 4615 of
1964 4562 1987 4595 ‘0’
2007 4564 2222 4613 comunis
2243 4562 2296 4613 iu
2319 4562 2432 4614 MS.

797 4641 884 4691 the
905 4642 1172 4706 guardiaus
1197 4643 1254 4691 of
1281 4643 1367 4693 the
1400 4657 1633 4694 common
1656 4642 1797 4694 chest
1962 4641 1985 4674 ³
2006 4644 2196 4692 comuni
2214 4644 2269 4692 in
2291 4641 2404 4693 MS.

796 4720 841 4769 is
862 4727 1043 4770 meant.
1962 4721 1983 4753 ⁴
2005 4719 2262 4773 scolarium
2285 4721 2338 4772 in
2361 4721 2473 4772 MS.
