3467 5717
760 858 888 921 100
1421 869 1739 919 ANNALns
1781 867 2210 918 uoumnmt

420 1068 727 1121 lxv-1423·
847 1062 1108 1141 Quibus
1167 1061 1326 1127 visis
1380 1065 1449 1126 et
1508 1060 1826 1149 perlectis»,
1874 1080 2260 1147 responsum
2319 1055 2579 1122 remisit
2631 1054 2863 1121 Abbas

756 1165 825 1229 in
871 1165 1001 1229 hiis
1044 1165 1415 1251 scriptis-

420 1277 597 1326 Letter
618 1276 683 1325 ot·
845 1266 868 1306 ¹
893 1274 925 1303 “
951 1266 1112 1333 Post
1154 1266 1474 1332 humilem
1521 1288 1606 1332 ex
1650 1266 1865 1331 cordis
1912 1264 2273 1331 visceribus
2320 1261 2861 1350 recommendam,

421 1344 509 1393 ὼε
531 1343 712 1392 Abbot
755 1375 792 1405 ‘⁶
838 1378 1219 1457 promptum
1279 1375 1712 1457 paratumque
1788 1369 2084 1434 animum
2161 1367 2248 1432 ad
2297 1361 2547 1432 ‘omnia
2620 1386 2863 1453 genera

420 1424 471 1458 iu
528 1424 558 1458 n
589 1425 632 1458 w
692 1447 706 1468 ,

422 1424 707 1554 εἰὲἶὶἕῖῑξὲ
757 1477 793 1508 “
839 1471 1323 1552 mandatorum,
1384 1471 1930 1558 praestantissime
1992 1470 2299 1549 Domine,
2345 1467 2563 1555 pr'idie
2622 1472 2862 1533 vestrae

419 1542 686 1659 3gsr3m-
755 1583 789 1611 “
838 1575 1324 1653 dominationis,
1388 1596 1535 1640 cum
1611 1575 1986 1640 reverentia
2044 1595 2178 1659 qua
2240 1571 2478 1650 decuit,
2543 1570 2862 1657 recipiens

420 1677 635 1792 {³¹:333}
760 1685 794 1715 “
839 1677 1332 1743 certificatorias
1374 1698 1570 1763 super
1599 1677 1756 1748 cleri
1802 1675 2134 1755 electione,
2169 1674 2862 1762 appunctuationeque

756 1785 793 1814 “
842 1780 1057 1866 Regis,
1090 1780 1162 1844 in
1207 1779 1322 1843 illo
1352 1779 1740 1864 exequendo
1785 1780 2072 1866 negotio,
2106 1779 2283 1865 quod
2327 1776 2539 1843 altum
2580 1776 2860 1863 requirit

758 1888 795 1917 “
841 1882 1201 1969 ingenium,
1247 1903 1324 1946 ac
1367 1881 1711 1946 scientiam
1758 1882 1971 1969 exigit
2016 1882 2085 1946 in
2132 1881 2344 1967 gradu
2384 1900 2679 1959 suinmo;
2717 1878 2860 1963 jam

758 1994 791 2018 “
838 1984 1079 2050 iterum
1103 2006 1221 2071 per
1243 1988 1536 2050 vestrum
1559 1983 1859 2071 gerulum
1894 1984 2076 2062 rude,
2100 1983 2300 2051 breve
2324 1988 2566 2060 tamen,
2588 1981 2862 2046 remitto

756 2093 793 2122 “
837 2085 1340 2172 responsorium,
1372 2085 1723 2152 notificans
1762 2091 2088 2172 quomodo
2134 2087 2261 2151 etsi
2307 2107 2428 2173 pro
2458 2106 2607 2150 mea
2635 2086 2707 2149 in
2736 2083 2861 2148 hac

757 2195 791 2223 “
836 2194 1022 2275 parte
1081 2188 1507 2254 excusatione
1565 2189 2018 2276 propheticam
2081 2188 2621 2277 praepeditionem
2676 2207 2858 2252 vera-

755 2300 791 2327 “
837 2292 1004 2357 citer
1064 2292 1479 2379 interponere
1539 2313 1815 2378 possem,
1859 2291 2256 2378 realiterque
2317 2312 2466 2356 cum
2529 2287 2861 2376 Pr0pbeta

755 2402 786 2428 ‘⁴
833 2391 1353 2475 dicere,-2‘Ah!
1387 2393 1494 2458 ah!
1528 2393 1635 2459 ah!
1671 2393 1975 2476 Domine,
2015 2394 2232 2460 nescio
2268 2392 2469 2479 loqui,
2510 2393 2668 2478 quia
2697 2413 2858 2478 puer

752 2503 785 2532 “
834 2501 850 2530 ‘
881 2517 1001 2582 ego
1061 2516 1206 2561 sum
1227 2521 1244 2576 ;
1267 2496 1282 2521 ³
1326 2501 1644 2577 attamen,
1706 2498 1867 2582 quia
1912 2496 2227 2581 quiddam
2287 2517 2500 2583 genus
2560 2501 2858 2560 censetur

750 2604 785 2632 “
831 2595 1246 2663 ³hariolandi
1294 2599 1366 2663 in
1412 2600 1627 2664 tantis
1669 2600 1954 2687 negotiis
1999 2599 2281 2685 diffugia
2311 2620 2623 2685 quaerere,
2653 2620 2857 2664 nova-

750 2707 786 2735 ‘·'
833 2721 959 2785 que
1018 2699 1232 2765 fertur
1275 2700 1652 2767 *idolatriae
1713 2701 1960 2788 species
2021 2701 2196 2766 nolle
2257 2700 2329 2765 in
2385 2723 2464 2766 ea
2506 2707 2697 2787 parte
2742 2702 2860 2765 ad-

749 2810 784 2837 “
830 2802 1176 2888 quiescere,
1222 2802 1395 2868 malo
1457 2825 1563 2868 me
1622 2809 1881 2869 accuset
1941 2825 2105 2870 meae
2151 2803 2457 2890 pueritiae
2499 2803 2860 2868 scientialis

749 2912 785 2940 “
831 2906 1180 2992 exiguitas
1214 2927 1410 2991 quam
1458 2911 1666 2972 tantae
1712 2906 2105 2973 reverentiae
2150 2913 2269 2972 aut
2297 2905 2559 2971 viderer
2602 2912 2858 2972 contra-

751 3015 787 3043 “
833 3007 1064 3086 dicere,
1134 3013 1252 3073 aut
1319 3008 1392 3072 in
1467 3008 1691 3095 aliquo
1766 3009 2063 3073 animum
2139 3008 2449 3075 exhibere
2525 3009 2856 3074 malivolae

751 3119 785 3146 “
831 3110 1212 3177 voluntatis
1307 3110 1685 3177 Praesertim
1746 3133 1895 3177 cum
1956 3133 2151 3177 causa
2209 3112 2301 3176 sit
2351 3112 2743 3190 communie,
2787 3118 2856 3179 et

748 3220 785 3248 “
832 3213 1039 3280 instet
1069 3213 1277 3279 totius
1308 3212 1616 3280 Ecclesiae
1652 3213 1795 3300 jam
1827 3214 2182 3279 necessitas
2209 3215 2546 3301 generalis.
2637 3214 2682 3280 J
2688 3221 2856 3280 uxta

746 3326 775 3351 ‘⁰
824 3317 1035 3404 igitur
1081 3318 1447 3398 scientiam,
1479 3317 1960 3396 sufficientiam,
1991 3319 2438 3406 exiguumque
2468 3324 2737 3397 statum,
2767 3319 2853 3384 ad

747 3427 780 3455 “
829 3421 958 3484 iter
1002 3419 1379 3505 hujusmodi
1425 3420 1914 3507 suscipiendum
1962 3426 2258 3508 ternpore
2303 3442 2590 3507 congruo
2622 3420 2854 3487 divino

744 3530 776 3557 ‘⁴
823 3522 1137 3608 suffragio
1201 3544 1306 3587 me
1351 3521 1740 3609 disponam3
1786 3529 2186 3611 paratusque
2250 3544 2378 3600 ero,
2432 3522 2576 3589 Deo
2636 3523 2851 3610 dispo·

745 3632 780 3659 “
829 3628 1045 3700 nente,
1093 3630 1238 3689 cum
1288 3624 1546 3689 caeteris
1590 3625 1806 3705 itur-ie,
1854 3625 1985 3690 iter
2028 3624 2332 3713 arripere,
2380 3626 2729 3711 omniaque
2774 3646 2851 3691 ac

744 3731 779 3760 “
824 3723 1086 3810 singula
1114 3747 1233 3811 pro
1281 3746 1466 3812 posse
1512 3748 1720 3813 agere,
1755 3749 1904 3812 quse
1934 3727 2019 3792 ad
2049 3728 2243 3793 decus
2274 3726 2583 3792 Ecclesiae
2627 3727 2852 3792 cedere

745 3832 781 3861 “
828 3830 1160 3912 poterunt,
1226 3832 1296 3891 et
1358 3826 1442 3891 ad
1510 3832 1752 3894 vestrae
1820 3829 2359 3916 complacentiam
2427 3829 2851 3916 paternitatis

745 3935 779 3963 “
826 3927 1235 3996 venerandae.
1331 3928 1546 4008 Quam
1592 3929 1678 3995 ad
1708 3930 1871 3995 felix
1899 3931 2190 4017 regimen
2222 3932 2552 3996 commissi
2583 3932 2848 4018 pecorile,

742 4036 779 4066 ‘⁸
825 4029 1077 4096 felicem
1121 4031 1192 4097 in
1237 4054 1458 4097 {evum
1502 4039 1857 4119 praeservet
1902 4033 2112 4119 pietas
2158 4032 2637 4102 Plasmatorisl'

361 4155 367 4161 ·
401 4146 486 4195 He
508 4147 641 4198 calls·
830 4134 926 4199 Eo
973 4135 1284 4221 rescripto
1332 4135 1547 4212 miSSO,
1593 4135 1915 4221 plenoque
1969 4157 2165 4223 super
2230 4158 2352 4201 sua
2415 4134 2440 4173 ⁵
2460 4136 2850 4201 transitione

401 4214 492 4328 ᾖξε
511 4212 681 4330 {gf‘b'
738 4254 1056 4301 consensu
1132 4236 1306 4315 dato,
1402 4237 1673 4302 accessit
1765 4235 2062 4303 “vinitor
2143 4239 2232 4304 ad
2301 4260 2488 4304 suam
2565 4240 2847 4320 vineam,

402 4345 595 4410 gether.

802 4562 818 4595 ¹
844 4563 1116 4627 Responsio
1140 4561 1351 4612 Abbote's
1384 4562 1427 4613 is
1456 4563 1543 4614 the
1564 4579 1733 4629 super·
1899 4565 1920 4598 ³
1943 4567 2192 4617 ariolandi
2209 4569 2264 4618 in
2286 4569 2399 4619 MS.

628 4662 634 4668 ·
730 4642 972 4705 scription
1011 4648 1064 4690 at
1102 4642 1188 4691 the
1224 4641 1352 4692 head
1375 4642 1439 4691 of
1466 4642 1567 4691 this
1588 4659 1734 4708 page,
1902 4646 1922 4675 ⁴
1941 4643 2202 4708 ydolatrioe
2224 4647 2275 4696 in
2298 4646 2412 4698 MS.

729 4722 815 4772 fol.
841 4728 909 4772 40
931 4737 975 4773 a.
1901 4724 1923 4757 ⁵
1948 4726 2264 4774 trmnksioae
2287 4724 2340 4775 in
2362 4726 2476 4777 MS.

800 4802 821 4831 ²
839 4819 889 4861 a,
914 4817 963 4859 a,
985 4816 1035 4859 α,
1060 4800 1111 4850 in
1137 4800 1248 4851 MS.
1317 4800 1572 4851 Jeremiah
1597 4800 1628 4853 i.
1654 4809 1699 4853 6.
1904 4802 1924 4835 ⁶
1947 4801 2192 4853 Matthew
2213 4820 2304 4854 xx.
2336 4811 2378 4855 l.
