3467 5717
750 801 879 862 424
1534 802 1893 854 APPENDIX
1941 783 2058 871 (c).

747 998 851 1060 tot
879 993 1089 1083 logici,
1121 998 1227 1059 tot
1255 991 1648 1081 philosophi,
1686 993 1791 1057 tot
1834 988 2203 1055 liberalium
2255 987 2554 1053 doctores
2582 984 2847 1065 artium,

748 1094 774 1135 ¹
792 1097 1315 1183 pullularunt,—

842 1203 877 1232 “
909 1197 935 1236 ²
954 1198 1217 1263 Littora
1267 1199 1429 1283 quot
1480 1194 1773 1277 conchas,
1828 1197 1992 1281 quot
2042 1215 2305 1261 amoena
2349 1194 2600 1260 rosaria
2645 1193 2855 1275 flores,

933 1309 967 1338 “
1000 1299 1261 1381 Quotve
1305 1297 1734 1384 soporiferum
1779 1318 1989 1384 grana
2031 1317 2342 1383 papaver
2368 1295 2574 1362 habet
2606 1320 2622 1377 ;

846 1408 883 1439 “
915 1402 1123 1488 Sylva
1152 1402 1324 1467 feras
1368 1404 1533 1487 quot
1579 1399 1721 1480 alit,
1756 1402 1921 1485 quot
1964 1397 2251 1485 piscibus
2296 1399 2482 1464 unda
2522 1402 2843 1479 natatur;

939 1512 973 1540 “
999 1503 1179 1585 Quot
1213 1509 1510 1569 tenerum
1543 1501 1779 1588 pennis
1821 1497 1848 1538 ⁸
1865 1520 2015 1565 aera
2043 1499 2264 1586 pulsat
2292 1499 2490 1565 avis.'’
2518 1506 2579 1565 et
2601 1506 2856 1567 coetera.

845 1624 1161 1708 Tempore
1228 1641 1515 1706 namque
1582 1617 1894 1685 maximae
1960 1618 2433 1704 persecutionis
2495 1619 2856 1704 primitivas

758 1723 1081 1800 Ecclesiae,
1130 1743 1261 1807 quo
1310 1719 1679 1788 Christiani
1723 1720 1930 1785 variis
1974 1719 2371 1785 cruciatibus
2415 1717 2443 1756 ⁴
2459 1722 2856 1807 martyrium

756 1824 1192 1912 pertulerunt,
1253 1823 1683 1910 ecclesiaeque,
1748 1843 1901 1887 cum
1960 1821 2149 1886 libris
2192 1843 2234 1885 a
2278 1821 2557 1887 diversis
2616 1823 2862 1889 sanctis

759 1926 1154 2005 doctoribuS,
1201 1931 1271 1991 et
1315 1925 1341 1964 ⁵
1366 1926 1567 1992 robur
1608 1923 1781 2003 fidei,
1831 1924 2045 2003 editis,
2093 1923 2530 1990 destructioni
2576 1930 2646 1991 et
2689 1926 2865 2013 ignis

760 2027 1129 2094 discrimini
1172 2031 1565 2115 patuerunt3
1613 2025 1920 2092 monachi
1948 2045 2099 2091 cum
2129 2023 2376 2089 eisdem
2421 2024 2628 2104 libris,
2657 2027 2863 2092 unde-

762 2150 1019 2216 cunque
1064 2128 1338 2206 collatis,
1382 2128 1720 2193 heremum
1768 2127 2124 2214 petierunt,
2156 2125 2377 2192 herbis
2421 2131 2492 2192 et
2534 2128 2867 2195 radicibus

763 2231 1173 2311 victitantes,
1204 2231 1405 2317 longo
1451 2226 1479 2265 ⁰
1496 2230 1821 2315 martyrio
1865 2228 2109 2294 mentis
2139 2233 2208 2294 et
2242 2230 2533 2315 corporis
2577 2231 2869 2312 cruciati,

763 2355 971 2420 usque
1016 2338 1298 2400 cessaret
1342 2331 1706 2419 persecutio
1754 2330 2023 2412 ibidem,
2071 2335 2141 2396 et
2200 2330 2349 2396 aliis
2401 2331 2565 2398 locis
2616 2333 2868 2400 abditis

764 2440 1313 2524 permanserunt;
1365 2434 1658 2500 sanctius
1701 2433 2103 2499 arbitrantes
2148 2435 2417 2498 tantum
2477 2433 2864 2501 thesaurum

762 2536 1089 2615 Ecclesiae,
1120 2536 1399 2622 posteris
1435 2533 1462 2571 ⁷
1482 2534 1923 2621 profuturum,
1954 2555 2074 2599 sua
2102 2533 2451 2620 diligentia
2479 2556 2870 2603 conservan-

763 2640 939 2718 dum,
1004 2659 1202 2723 quam
1247 2638 1461 2702 vitam
1506 2637 1856 2723 sanguinis
1928 2634 2284 2701 ⁸effusione
2359 2639 2684 2724 martyrio
2731 2644 2868 2706 ter-

764 2739 1168 2805 minandam.
1268 2736 1470 2803 Unde
1539 2758 1697 2824 pace
1761 2737 2068 2803 Ecclesiae
2142 2738 2409 2804 reddita
2479 2762 2598 2826 pro
2671 2746 2870 2808 tanto

763 2837 1097 2920 beneficio,
1127 2840 1212 2905 ab
1257 2839 1617 2905 universali
1663 2839 1955 2905 Ecclesia
2000 2840 2257 2906 caeteris
2307 2839 2660 2908 Ordinibus
2704 2850 2871 2909 sunt

765 2942 1044 3031 praelati,
1084 2942 1286 3029 juxta
1327 2941 1798 3007 revelationem
1846 2942 2054 3007 Beato
2104 2941 2454 3009 Pachomio
2491 2940 2518 2981 ⁹
2541 2943 2872 3012 divinitus

769 3051 1116 3124 ostensam,
1146 3045 1219 3109 in
1267 3049 1682 3131 perpetuum,
1735 3042 1864 3109 Dei
1911 3044 2149 3130 gratia,
2190 3044 2511 3113 duraturi.
2600 3046 2706 3113 De
2736 3070 2872 3135 quo

770 3147 1020 3213 Ordine
1065 3146 1332 3212 metrice
1378 3145 1471 3210 sic
1515 3145 1876 3226 dicitur,—

859 3267 897 3299 “
917 3261 1097 3329 Ordo
1140 3260 1272 3325 fuit
1315 3260 1586 3347 primus,
1632 3258 1765 3324 erit
1807 3258 2106 3338 ultimus,
2149 3263 2230 3325 ut
2271 3260 2778 3348 reperimus.”—

860 3371 1121 3440 Pudeat
1177 3371 1386 3459 igitur
1443 3372 1624 3458 paris
1682 3370 2020 3458 religionis
2081 3373 2151 3436 et
2207 3371 2495 3451 habitus,
2540 3374 2698 3441 licet
2740 3398 2876 3443 non

769 3497 960 3564 pares
987 3476 1151 3542 vitae
1197 3478 1265 3540 et
1310 3473 1604 3539 scientiae
1648 3472 2017 3560 insignitoS,
2062 3477 2287 3539 tantos
2328 3481 2552 3561 patres
2595 3483 2665 3543 et
2711 3501 2880 3565 prae-

772 3576 1071 3643 ambulos
1116 3575 1607 3662 parvipendere,
1656 3596 1788 3661 quo
1832 3574 2034 3640 etiam
2095 3576 2437 3642 saeculares
2487 3597 2608 3665 per
2651 3581 2879 3648 multi-

772 3677 1072 3745 tudinem
1102 3678 1650 3743 monasteriorum
1681 3682 2224 3759 constructorum,
2256 3682 2325 3744 et
2355 3679 2488 3745 alia
2531 3681 2881 3749 innumera

771 3777 1103 3856 beneficia,
1149 3778 1458 3843 novimus
1502 3778 1863 3861 honorare;
1907 3784 2107 3866 prout
2147 3780 2215 3845 in
2249 3781 2539 3867 quodam
2585 3788 2875 3852 tractatu

773 3880 1215 3962 1⁰summario‚
1247 3881 1331 3946 de
1362 3879 1692 3967 dignitate
1740 3879 1794 3919 ¹¹
1825 3882 2174 3948 monastici
2208 3881 2459 3948 ordinis
2506 3884 2710 3968 edito,
2740 3887 2878 3953 suis

774 3984 932 4052 locis
976 3981 1233 4072 plenius
1275 3986 1566 4070 apparet.

866 4088 957 4153 Et
987 4085 1301 4173 quoniam
1331 4085 1630 4171 superius
1673 4085 1755 4150 fit
1800 4087 2051 4150 mentio
2095 4085 2177 4150 de
2221 4086 2467 4152 casuali
2509 4089 2883 4156 mutatione

778 4188 1067 4256 nominis
1127 4185 1291 4253 dicti
1351 4186 1734 4253 monasterii
1809 4186 2039 4252 Sancti
2101 4186 2491 4270 Grimbaldi,
2539 4187 2595 4228 ¹²
2614 4185 2884 4257 Monas-

851 4417 867 4450 ²
881 4415 1181 4484 palatarum
1203 4416 1255 4466 in
1278 4415 1392 4468 MS.
1946 4416 1968 4456 7
1987 4419 2282 4484 profilia-um
2303 4419 2356 4470 in
2379 4421 2493 4472 MS.

847 4497 869 4531 ²
892 4496 1046 4560 Ovid,
1077 4494 1285 4558 Tristia,
1307 4494 1370 4546 Β.
1394 4512 1443 4546 v.
1466 4494 1516 4547 ii.
1542 4501 1621 4547 23.
1727 4516 1735 4524 ·
1945 4496 1969 4528 ⁸
1990 4497 2231 4564 fine-ione
2251 4497 2472 4550 martirio
2493 4499 2546 4551 in
2570 4500 2683 4552 MS.

850 4577 873 4610 ⁸
889 4591 1042 4641 aya-a
1064 4575 1120 4625 in
1141 4574 1255 4627 MS.
1948 4575 1970 4608 ⁹
1992 4575 2233 4627 devinciens
2252 4576 2305 4626 in
2328 4576 2444 4628 MS.

849 4651 870 4688 ⁴
894 4654 1164 4704 martit-ium
1187 4652 1241 4705 in
1261 4653 1374 4707 MS.
1950 4653 1992 4687 ¹⁰
2012 4657 2178 4706 satir-io
2199 4655 2255 4705 in
2276 4656 2394 4708 MS.

849 4733 870 4765 ⁶
895 4732 981 4784 Sic
1002 4731 1055 4782 in
1077 4732 1188 4783 MS.
1951 4732 1988 4766 ¹¹
2010 4733 2293 4785 mmmetlaica·
2315 4734 2369 4785 in
2390 4735 2505 4788 MS.

851 4813 872 4842 ⁸
889 4812 1109 4861 martirio
1133 4809 1186 4860 in
1207 4809 1323 4862 MS.
1953 4810 1992 4843 ¹²
2013 4810 2377 4863 Mona-sterium
2399 4813 2456 4864 in
2479 4816 2577 4866 MS
