3467 5717
1322 832 1571 886 sarton
1614 831 1891 887 Auum.
2360 904 2367 913 ι
2539 824 2667 888 285

576 1029 610 1057 “
656 1022 892 1089 fratres
936 1023 1322 1090 claustrales
1379 1025 1453 1090 in
1512 1024 1810 1091 honestis
1869 1023 2007 1091 suis
2068 1023 2339 1107 solatiis,
2384 1024 2669 1091 sufficiat
2693 1051 2792 1089 u».
2809 1048 2926 1098 ιω,
2939 1048 3007 1092 ³0.

567 1130 602 1160 “
647 1125 1042 1212 regulariter
1086 1125 1456 1206 confovere,
1504 1134 1839 1214 quatenus
1882 1127 1983 1193 ita
2033 1127 2106 1192 in
2166 1128 2347 1194 omni
2391 1127 2671 1194 tribula-

565 1232 602 1261 “
648 1228 846 1306 tione,
890 1227 1309 1307 necessitate,
1355 1233 1426 1294 et
1470 1231 1803 1317 angustia,
1850 1228 2223 1296 habeantur
2252 1230 2321 1297 in
2365 1234 2669 1318 prompto

567 1338 601 1367 “
645 1331 939 1420 gratiosa
981 1330 1425 1398 subsidiorum
1472 1333 1777 1415 remedia,
1825 1332 2067 1420 quibus
2115 1338 2184 1399 et
2230 1333 2496 1400 divinus
2533 1333 2672 1400 cul-

564 1439 601 1468 “
649 1439 760 1499 tus
828 1438 1266 1520 congruenter
1327 1433 1706 1499 continuari
1754 1435 1980 1501 valeat
2040 1435 2114 1500 in
2182 1434 2319 1501 suis
2378 1435 2554 1515 locis,
2601 1439 2672 1500 et

567 1541 604 1571 “
650 1535 1029 1601 clerimonia
1073 1535 1303 1601 florere
1345 1534 1414 1600 in
1461 1540 1687 1601 nostro
1717 1535 2043 1618 claustr03
2088 1558 2238 1623 quae
2267 1558 2462 1618 nunc,
2495 1538 2670 1624 quod

564 1644 601 1671 ‘⁴
649 1637 1001 1704 dolendum
1062 1643 1179 1717 est,
1227 1657 1514 1702 marcere
1574 1636 1816 1724 incipit
1882 1637 2062 1725 apud
2123 1638 2476 1704 monachos
2534 1638 2669 1705 fere

564 1748 601 1775 “
647 1739 998 1824 utrobique
1044 1739 1113 1802 in
1158 1743 1303 1803 toto
1348 1760 1570 1826 regne.

656 1848 689 1875 “
712 1840 1113 1906 Ordinamus
1158 1839 1452 1905 finaliter
1495 1839 1798 1927 septimo,
1845 1861 1922 1905 ac
1966 1840 2038 1905 in
2082 1840 2338 1908 virtute
2394 1842 2669 1928 spiritus

561 1948 600 1978 “
646 1940 669 1980 ¹
687 1941 1088 2029 septiformis
1133 1941 1570 2029 septipliciter
1615 1942 2108 2021 demandamus,
2139 1943 2266 2008 sub
2311 1943 2510 2028 hujus
2555 1943 2668 2008 de-

562 2050 598 2079 “
643 2044 1023 2110 clarationis
1069 2043 1334 2131 scripte,
1380 2048 1462 2109 ut
1506 2044 1819 2131 pitanciae
1847 2043 1982 2109 illae
2026 2067 2191 2131 quas
2233 2067 2370 2123 nos,
2415 2045 2462 2109 J
2465 2045 2665 2111 ohan·

565 2153 601 2180 “
646 2167 780 2227 nes,
827 2145 1057 2212 Abbas
1112 2145 1487 2233 praedictuS,
1533 2152 1778 2233 praeter
1823 2146 2056 2211 vinum
2103 2147 2267 2212 alias
2310 2147 2666 2213 munitioni

567 2255 602 2285 “
647 2248 935 2314 Abbatis
979 2269 1373 2326 concessum,
1421 2247 1908 2336 assignavimus
1952 2247 2274 2314 fratribus
2341 2250 2407 2313 in
2468 2249 2656 2314 Infir-

565 2356 601 2386 “
646 2349 913 2417 mitorio
960 2355 1030 2415 et
1060 2348 1285 2416 Oriolo
1331 2350 1566 2416 diebus
1612 2349 1983 2416 Dominicis
2027 2351 2094 2415 in
2145 2347 2172 2388 ²
2195 2350 2448 2438 hyeme,
2479 2350 2663 2417 feriis

561 2459 596 2488 “
644 2474 799 2517 vero
845 2451 1132 2519 secunda
1175 2455 1244 2517 et
1289 2452 1528 2538 quinta
1579 2451 1654 2517 in
1704 2455 1937 2518 aestate
1982 2452 2426 2518 exhibeantur
2472 2452 2656 2520 inde-

562 2561 599 2591 “
644 2554 940 2621 sinenter
997 2552 1113 2619 ³in
1158 2560 1490 2641 posterum
1522 2578 1539 2636 ;
1584 2554 1986 2642 tollaturque
2033 2555 2151 2621 illa
2209 2555 2480 2641 insuper
2524 2579 2660 2622 ma-

562 2662 599 2692 “
646 2657 814 2722 teria
881 2656 1255 2737 murmuris,
1333 2679 1486 2743 quae
1559 2656 1742 2735 alias,
1805 2656 2087 2744 amplius
2150 2679 2346 2744 quam
2420 2659 2661 2740 decuit,

558 2765 596 2798 ‘⁴
642 2759 1062 2846 inquietabat
1105 2758 1361 2841 fratres,
1391 2763 1462 2825 et
1505 2759 1785 2847 cogebat
1829 2782 1915 2827 ex
1959 2761 2385 2847 consequenti
2427 2783 2535 2828 eos
2589 2762 2660 2827 in

562 2868 598 2899 “
642 2861 765 2927 hac
823 2872 1013 2948 parte
1058 2860 1283 2927 minus
1341 2866 1608 2948 gratum
1670 2861 2062 2948 obsequium
2123 2863 2267 2928 Deo
2327 2869 2657 2950 praestare.

563 2972 597 2999 ‘⁴
643 2964 753 3030 Ad
797 2964 942 3032 haec
983 2964 1249 3054 singula
1294 2963 1510 3030 adhuc
1554 2963 1901 3053 signanter
1944 2963 2362 3050 ⁴adjieimus‚
2408 2972 2480 3032 et
2538 2967 2662 3032 sub

561 3074 595 3104 “
640 3067 1182 3133 interminatione
1226 3066 1445 3133 divini
1488 3066 1942 3133 anathematis
1983 3066 2520 3154 supersignanter
2550 3069 2661 3134 de-

560 3177 599 3207 “
644 3170 1050 3250 mandamus,
1098 3174 1175 3236 ut
1242 3169 1468 3236 nullus
1531 3170 1613 3237 de
1681 3174 1940 3249 caetero,
2000 3174 2337 3257 praetextu
2389 3170 2663 3257 alicujus

560 3280 596 3309 ‘⁴
640 3272 1069 3354 necessitatis,
1103 3272 1439 3350 utilitatis,
1469 3277 1588 3338 aut
1628 3272 2041 3359 indigentiae,
2082 3278 2441 3359 praesumat
2486 3274 2661 3340 bona

559 3383 595 3414 “
640 3376 723 3442 de
767 3375 1009 3464 quibus
1066 3376 1148 3442 fit
1208 3376 1462 3442 mentio
1522 3376 1596 3441 in
1639 3375 1996 3463 praemissis
2056 3375 2143 3440 ad
2188 3397 2380 3442 usum
2440 3375 2661 3454 alium,

559 3486 595 3517 “
638 3476 759 3545 aut
802 3478 1105 3561 officium,
1151 3500 1352 3566 quam
1412 3482 1494 3545 ut
1543 3478 1947 3566 praedicitur,
1992 3478 2338 3567 applicare.
2427 3480 2658 3559 Immo,

557 3588 594 3618 ‘⁴
642 3586 720 3649 ut
762 3582 1104 3671 signanter
1134 3582 1221 3648 ad
1250 3586 1433 3647 certa
1461 3581 1916 3648 instituuntur
1944 3582 2397 3669 supportanda
2442 3602 2658 3662 onera,

558 3690 593 3722 “
639 3684 733 3751 sic
774 3686 863 3751 ad
907 3684 1040 3766 illa,
1086 3689 1155 3752 et
1213 3684 1302 3750 ad
1345 3683 1535 3749 nulla
1578 3684 1731 3765 alia,
1779 3684 1938 3766 sint,
1984 3706 2373 3772 quacunque
2423 3707 2657 3773 procu-

556 3795 594 3826 “
638 3792 832 3855 rante
874 3787 1280 3869 necessitate,
1328 3786 1355 3826 ⁵
1371 3788 1443 3853 in
1474 3793 1810 3876 posterum
1855 3793 1977 3854 aut
2005 3788 2078 3854 in
2107 3793 2498 3877 perpetuum
2542 3811 2659 3876 ap-

555 3898 593 3931 “
637 3892 922 3980 plicata;
980 3890 1082 3957 ita
1138 3892 1316 3978 quod
1370 3890 1585 3957 omnis
1644 3891 1927 3958 scienter
1970 3891 2490 3973 contraveniens,
2534 3896 2657 3958 aut

554 4001 591 4033 “
636 3993 1013 4060 voluntarie
1052 3993 1589 4081 praetermittens,
1620 4015 1889 4082 poenam
1919 3994 2219 4060 incurrat
2257 3993 2655 4060 Excommu-

555 4103 591 4135 ‘⁴
635 4095 989 4162 nicationis
1026 4095 1302 4182 Majoris
1329 4096 1473 4183 ipso
1504 4095 1695 4177 facto,
1727 4119 1771 4162 a
1800 4117 1934 4184 qua
1978 4096 2146 4162 citra
2191 4094 2427 4161 Sedem
2473 4094 2653 4180 Apo·

555 4204 590 4232 ‘⁸
635 4198 933 4265 stolicam
992 4197 1253 4265 absolvi
1314 4204 1601 4286 nequeat
1676 4198 2150 4285 quoquomodo
2277 4196 2449 4277 Fiat,
2514 4196 2653 4273 fiat,

554 4305 591 4334 ‘⁸
638 4301 873 4371 Amen.
961 4301 1054 4368 Et
1097 4301 1192 4368 sic
1235 4306 1486 4369 nostrae
1517 4300 1887 4368 voluntatis
1914 4305 2150 4389 patent
2181 4298 2654 4366 Ordinationes

586 4608 1076 4676 ,¹Rev.i.⁴,iii.1.
1717 4609 2208 4662 ‘adiciunt-siulfi&

617 4690 639 4723 ²
656 4707 788 4756 yeme
810 4690 864 4741 in
886 4692 1000 4743 MS.
1715 4690 1739 4724 ⁸
1763 4692 2065 4758 imposterum
2098 4727 2113 4742 .
2149 4716 2163 4742 ε
2200 4727 2213 4741 .
2247 4726 2262 4742 .
2303 4689 2656 4758 imperpetuum

614 4770 638 4803 ⁸
660 4771 961 4837 inposterum
982 4769 1038 4821 in
1062 4764 1178 4823 MS.
1647 4769 1701 4821 iu
1722 4769 1840 4824 MS.
