3467 5717
1379 806 1623 862 emon
1665 805 1944 863 mum.
2594 789 2718 865 171

615 997 674 1030 “=
694 992 928 1061 diebus
970 992 1230 1083 publiee
1271 993 1607 1078 nunciare,
1652 992 1947 1062 candelis
1989 992 2291 1078 eeeensis,
2333 994 2585 1084 pariter
2639 1000 2710 1064 et
2736 1004 2874 1064 Λα).
2901 1016 3041 1064 142³.

614 1102 651 1133 ‘⁶
694 1096 1031 1181 extinctis,
1078 1103 1150 1166 et
1213 1096 1290 1164 in
1357 1103 1601 1165 terram
1666 1098 1991 1186 projectis,
2039 1099 2499 1187 campaniaque
2557 1102 2709 1189 pul-

616 1206 650 1236 “
690 1201 871 1281 satis,
940 1221 1167 1267 omnes
1233 1199 1597 1284 haereticos,
1663 1201 2021 1283 eredentes,
2066 1206 2522 1288 receptatores,
2568 1204 2712 1269 fau-

612 1308 650 1338 “
693 1308 886 1386 tores,
955 1309 1027 1370 et
1093 1302 1468 1373 defensores
1530 1303 1909 1386 eorundem,
1973 1304 2588 1387 excommunicatos,
2643 1310 2714 1372 et

611 1409 647 1438 “
695 1400 715 1440 ¹
745 1409 824 1470 ut
865 1405 1036 1471 tales
1079 1403 1164 1471 ab
1208 1403 1514 1471 omnibus
1556 1403 1818 1472 evitari.
1907 1404 2105 1471 Hane
2147 1411 2375 1473 autem
2418 1406 2713 1494 publiea-

610 1512 646 1541 “
692 1505 895 1573 tionis
937 1505 1233 1588 formam,
1267 1505 1485 1592 quoad
1531 1504 2069 1573 Constitutiones
2111 1505 2439 1593 praufetes,
2475 1509 2714 1575 Wiele-

610 1614 648 1641 “
692 1590 1037 1690 vistarum,
1084 1605 1112 1644 ⁹
1128 1606 1608 1689 Hussistarum,
1641 1611 1712 1673 et
1740 1606 2321 1690 schismaticorum,
2369 1630 2710 1697 quousque

609 1716 647 1745 “
691 1708 1043 1797 viguerint,
1107 1709 1251 1776 haeo
1312 1708 1561 1775 Sancta
1631 1707 1945 1795 Synodus
2011 1707 2346 1775 observari
2391 1709 2704 1778 decrevit,

610 1818 646 1847 “
692 1811 882 1892 Quod
910 1811 968 1877 si
994 1810 1296 1899 praedicti
1340 1809 1662 1877 ordinarii
1696 1810 1811 1876 vel
1855 1809 2279 1897 inquisitores
2322 1810 2495 1879 eirea
2538 1809 2568 1851 ³
2587 1813 2703 1880 ob-

607 1920 644 1949 “
686 1915 1124 1981 servationem
1170 1913 1552 2001 hujusmodi
1601 1912 1849 1979 statuti
1891 1933 1961 1978 se
2004 1913 2309 1979 remissos
2351 1919 2469 1980 eut
2496 1915 2704 2003 negli-

603 2023 640 2051 “
681 2021 914 2103 gentes
955 2016 1391 2097 reddiderint,
1436 2030 1708 2102 poenam
1753 2013 1782 2055 4
1803 2015 2249 2103 suspensionis
2291 2015 2377 2082 ab
2406 2016 2706 2104 ingressu

604 2124 641 2153 “
686 2116 974 2185 eeelesiae
1016 2139 1135 2205 per
1179 2117 1658 2204 quadrimestre
1705 2121 1967 2204 tempus
2009 2137 2088 2183 eo
2132 2118 2279 2205 ipso
2319 2116 2706 2202 incurrant3

602 2226 637 2255 “
684 2241 761 2287 ae
825 2220 902 2286 in
967 2219 1492 2286 Provincialibus
1552 2241 1669 2286 seu
1734 2218 2185 2305 Synodalibus
2231 2219 2542 2288 Coneiliis
2584 2245 2706 2310 pro

606 2328 644 2358 ‘⁶
689 2323 885 2390 modo
930 2322 957 2364 ⁸
976 2344 1093 2389 seu
1135 2322 1347 2410 eulpae
1391 2343 1509 2388 seu
1554 2321 1982 2410 negligentiae
2026 2327 2258 2391 eontra
2301 2323 2469 2390 tales
2498 2326 2705 2414 negli-

602 2430 640 2460 “
680 2428 933 2512 gentes,
977 2424 1157 2491 ultra
1197 2424 1584 2512 praedictam
1613 2445 1900 2512 poenam,
1931 2425 2363 2513 provideatur
2390 2425 2473 2493 de
2499 2449 2705 2494 reme-

600 2532 639 2563 “
683 2527 793 2593 dio
861 2531 1253 2615 opportune,
1321 2525 1709 2614 privilegiis,
1758 2526 2306 2613 exemptionibus,
2354 2535 2702 2596 eonsuetu-

602 2636 640 2667 “
684 2628 967 2710 dinibus,
1032 2635 1102 2697 et
1163 2628 1456 2709 statutis,
1504 2634 1737 2694 eontra
1799 2629 2135 2715 praemissa
2176 2629 2699 2718 disponentibus,

601 2737 639 2768 “
684 2754 819 2799 non
865 2730 1286 2800 obstantibus
1330 2729 1849 2818 quibuscunque.

971 2979 1000 3021 ⁰
1018 2981 1286 3066 Quarta
1332 2979 1706 3051 Ordinatio
1753 2979 2053 3049 Consilii
2092 2979 2314 3050 illius.

692 3126 728 3158 ‘⁴
760 3122 951 3205 Item,
982 3120 1008 3165 ⁷
1030 3122 1188 3209 quia
1219 3121 1561 3190 nonnullis
1591 3105 2014 3188 Generalium
2046 3121 2490 3190 conciliorum
2522 3123 2693 3191 Con·
2720 3138 2917 3217 FQourth
2934 3140 3029 3193 01·-

600 3232 637 3259 “
683 3224 1139 3291 vocationibus
1196 3224 1482 3291 Romani
1564 3223 1918 3301 Pontifices
1991 3245 2110 3311 pro
2177 3229 2469 3313 tempore
2528 3227 2699 3293 exis-
2722 3206 2939 3325 3323ss
2948 3274 3034 3327 ,he

600 3334 637 3362 “
684 3331 903 3394 tentes
931 3325 1151 3393 eonati
1194 3330 1353 3393 sunt
1397 3324 1758 3392 Ecclesiam
1805 3325 2213 3393 orientalem
2257 3327 2566 3393 reducere
2609 3330 2697 3395 ad
2725 3338 2937 3418 Cpundl
2958 3341 3019 3393 οἱ

599 3437 636 3466 “
682 3430 995 3498 unionem
1025 3428 1333 3495 Eeelesiae
1365 3427 1804 3511 Universalis,
1831 3426 1859 3468 ⁸
1881 3432 1962 3495 ut
1991 3429 2067 3494 in
2095 3433 2276 3496 reeta
2318 3428 2450 3496 fide
2494 3428 2697 3498 Ihesu
2723 3404 2927 3459 Sxenna.

597 3539 632 3568 “
677 3532 926 3600 Christi
970 3529 999 3571 ⁹
1013 3532 1399 3613 salventur3
1446 3530 2048 3620 Sanctissimusque
2091 3530 2420 3600 Dominus
2471 3538 2694 3602 noster

596 3640 632 3672 “
678 3635 876 3724 Papa,
921 3632 1255 3702 Martinus
1302 3633 1611 3716 Quintus,
1657 3636 1936 3722 paterno
1982 3633 2079 3701 eis
2135 3635 2381 3702 affectu
2432 3658 2690 3725 eompa-

594 3743 635 3773 “
681 3737 856 3804 tiens
898 3734 953 3777 ¹⁰
971 3758 1048 3805 ae
1074 3736 1410 3821 affectans,
1442 3735 1490 3775 ²¹
1513 3756 1669 3806 oves
1698 3742 1994 3805 errantes
2022 3736 2107 3804 ad
2137 3738 2406 3805 unicum
2437 3738 2690 3806 Christi

591 3846 634 3878 “
678 3840 851 3908 ovile
894 3839 1204 3908 reduoere
1245 3839 1651 3929 perquirens,
1697 3838 1979 3908 sollicite
2020 3838 2073 3880 ²⁸
2090 3840 2295 3909 etiam
2345 3840 2686 3908 Nuneium

591 3949 626 3981 “
670 3941 1012 4031 proprium
1056 3938 1421 4011 sufficiente
1464 3947 1796 4032 potestate
1840 3942 2196 4024 munitum,
2260 3943 2347 4009 ad
2398 3942 2688 4010 Patriar-

593 4051 630 4082 “
674 4046 860 4112 eham
927 4051 1000 4113 et
1061 4045 1542 4134 Imperatorem
1602 4044 2419 4133 Constantinopolitanum
2481 4045 2681 4112 desti-

656 4249 675 4282 ¹
698 4257 753 4300 nt
771 4250 1050 4302 omittedin
1071 4251 1159 4303 the
1184 4249 1426 4302 concilia.
1679 4248 1815 4299 cilia.

656 4328 679 4362 ²
699 4336 747 4380 et
767 4329 1089 4381 Hmsitarum
1112 4329 1166 4379 in
1189 4329 1275 4381 the
1303 4328 1544 4380 Concilio.
1747 4328 1769 4367 7
1788 4329 1843 4379 in
1863 4327 2105 4380 nonnullis
2123 4327 2181 4379 in
2202 4328 2288 4381 the
2316 4327 2557 4382 Conmlia.

655 4410 677 4440 ⁸
696 4407 1054 4460 obmussant
1077 4408 1131 4459 in
1153 4409 1240 4460 the
1267 4405 1512 4460 Consilia.
1747 4410 1768 4439 ⁸
1790 4409 1843 4458 in
1859 4407 2251 4472 necmarioefide
2265 4408 2323 4459 in
2339 4409 2425 4460 the
2445 4409 2683 4462 Consilia.

655 4487 676 4520 ⁴
696 4488 1030 4553 ευερεποὶοπίε
1048 4487 1106 4537 in
1127 4486 1243 4539 MS.
1747 4486 1771 4519 ⁹
1797 4486 2076 4538 Salvam
2094 4487 2149 4538 in
2169 4487 2257 4538 the
2286 4486 2528 4538 Carmina.

654 4567 676 4599 ⁵
700 4566 922 4620 Omitted
942 4567 996 4618 in
1019 4567 1107 4618 the
1135 4566 1377 4618 Camilia.
1749 4565 1790 4599 ¹⁰
1811 4573 1857 4616 ee
1877 4566 2094 4632 affe-m
2114 4564 2167 4616 in
2188 4565 2274 4617 the
2301 4564 2544 4618 Concilio.

654 4646 676 4678 ⁶
699 4646 902 4696 Statum
933 4663 1083 4713 supa·
1121 4647 1323 4697 materia
1355 4645 1592 4698 reductio·
1750 4644 1789 4677 ¹¹
1811 4661 1966 4695 omen
1988 4644 2043 4695 in
2066 4643 2151 4697 the
2178 4644 2419 4697 Concilio.

584 4726 661 4775 nis
688 4724 1187 4780 Gramma-Tine
1231 4725 1287 4779 in
1329 4726 1416 4778 the
1464 4726 1594 4779 Cou-
1749 4725 1788 4759 ¹²
1812 4726 2035 4779 Omitted
2056 4725 2111 4779 in
2134 4727 2221 4780 the
2249 4724 2489 4780 concilia.
