3467 5717
1410 843 1655 895 simon
1700 842 1974 896 ALBARL
2652 832 2732 895 91

637 1044 672 1071 “
715 1033 788 1099 in
834 1033 933 1099 Eo
972 1033 1092 1119 qui
1139 1054 1378 1100 manus
1424 1034 1613 1101 misit
1665 1035 1754 1100 ad
1802 1032 2161 1112 1aratrum,
2190 1038 2258 1101 et
2284 1054 2420 1100 non
2446 1032 2739 1120 respexit
2763 1042 3073 1099 A·1>·1⁴2¹‚2·

639 1146 670 1171 “
714 1140 906 1203 retro,
1028 1135 1223 1217 Quia,
1279 1137 1399 1216 fili,
1457 1138 1623 1204 satis
1696 1137 2013 1224 improbe,
2071 1137 2588 1225 importuneque,
2649 1134 2738 1201 ad

637 1248 671 1274 “
705 1239 952 1326 januas
1006 1245 1255 1307 nostrae
1307 1239 1705 1306 obedientiae
1766 1238 2086 1317 clamitas,
2117 1244 2443 1325 quatenus
2472 1238 2556 1304 ob
2601 1238 2739 1305 fru-

638 1350 671 1375 “
717 1363 867 1428 gem
906 1341 1203 1408 melioris
1247 1341 1427 1422 vitae,
1459 1341 1582 1407 sub
1626 1362 1872 1428 speque
1920 1342 2217 1420 vivendi,
2246 1346 2445 1428 prout
2491 1342 2738 1420 asseris,

641 1452 675 1477 “
725 1443 935 1530 magis
991 1443 1231 1531 quiete,
1292 1443 1421 1511 tibi
1477 1445 1564 1510 ad
1622 1442 1983 1510 Ecclesiam
2053 1443 2302 1511 Christi
2367 1443 2742 1511 Cantuariae

644 1554 676 1580 ‘⁸
724 1545 1213 1634 indulgeremus
1255 1545 1587 1611 licentiam
1639 1544 2240 1633 commigrationis3
2285 1567 2425 1629 nos,
2473 1550 2742 1632 propter

638 1656 673 1682 “
719 1647 1215 1736 improbitatem
1244 1648 1611 1735 aperientes
1655 1649 1927 1715 tandem
1958 1647 2087 1713 tibi
2116 1648 2142 1685 ²
2159 1647 2422 1727 ostium,
2451 1649 2737 1735 petitam

634 1758 669 1784 ‘⁴
711 1751 996 1836 gratiam
1026 1751 1461 1829 concedimus,
1488 1754 1580 1832 et,
1631 1755 1959 1837 quatenus
1999 1771 2149 1816 cum
2169 1749 2323 1836 jure
2352 1750 2734 1837 poterimuS,

632 1861 665 1885 ‘¹
713 1857 789 1917 ut
848 1853 923 1917 in
981 1853 1126 1940 ipsa
1184 1853 1470 1934 ecclesia,
1534 1857 1803 1941 propter
1861 1874 2090 1920 causas
2150 1874 2316 1941 quas
2361 1853 2736 1940 praetendis,

635 1962 670 1988 “
713 1953 915 2020 libere
974 1961 1044 2021 et
1105 1957 1347 2043 quiete,
1403 1956 1654 2043 absque
1712 1956 2133 2043 impetitione
2184 1977 2300 2020 seu
2343 1955 2740 2041 repetitione

634 2066 665 2091 “
710 2062 953 2135 nostra,
999 2058 1204 2146 recipi
1253 2058 1497 2142 valeas,
1544 2058 1817 2125 liberius
1869 2058 2303 2125 licentiamus.
2415 2057 2503 2122 In
2553 2056 2742 2143 cujus

637 2167 670 2194 ‘⁸
717 2159 997 2225 licentiae
1055 2161 1535 2239 testimonium,
1574 2160 1871 2249 sigillum
1924 2166 2226 2226 nostrum
2281 2162 2517 2247 patens
2573 2182 2744 2247 prae-

638 2270 672 2295 “
718 2261 1013 2328 sentibus
1055 2267 1156 2330 est
1200 2286 1580 2351 appensum.
1674 2263 1931 2329 Datum
1975 2268 2036 2328 et
2080 2261 2372 2329 caeteral’

726 2363 884 2429 Post
953 2365 1125 2431 hanc
1199 2367 1506 2453 tegendae
1565 2365 1896 2432 nuditatis
1969 2363 1998 2402 ⁸
2017 2365 2357 2454 pelliceam
2434 2366 2741 2444 tunicam,
2770 2383 2884 2435 The
2905 2386 3078 2437 Abbot

634 2465 913 2548 literam,
977 2468 1245 2547 scilicet,
1303 2469 1779 2537 licentiationis
1837 2468 1912 2533 in
1964 2468 2136 2555 pelle
2195 2469 2524 2556 scriptam,
2587 2470 2740 2534 sub-
2765 2454 3075 2571 ffidrzctglei-

625 2569 859 2655 junxit
918 2576 1148 2657 pastor
1205 2573 1532 2659 posterius
1590 2575 1863 2649 statum,
1915 2576 1997 2637 ut
2047 2572 2358 2658 concepit,
2411 2572 2739 2658 quomodo
2767 2590 2905 2636 trant
2924 2587 3042 2637 bro-

632 2671 838 2738 frater
888 2674 1285 2740 vescebatur
1330 2696 1501 2762 pane
1552 2674 1627 2740 in
1678 2672 1956 2740 *sudore
2003 2673 2108 2738 sui
2157 2675 2404 2753 vultus,
2435 2674 2614 2740 hunc
2663 2675 2738 2739 in
2765 2653 2882 2769 {¹2⁰ss
2897 2668 3054 2771 ἳθξξὲ,

635 2796 935 2841 excessus
993 2776 1379 2844 memoriam
1442 2782 1512 2845 et
1571 2776 1935 2864 lacrymam
1993 2775 2416 2845 contritionis
2482 2778 2734 2865 apicem
2764 2785 2824 2835 of
2833 2793 3074 2849 expostu-

633 2878 1160 2965 epistolarem.-·
2735 2851 2938 2935 ·¹⁸‘¹⁰¹¹'

723 2989 757 3018 “
788 2981 1023 3048 Pastor
1071 3004 1151 3048 ac
1197 3004 1451 3070 parens,
1502 2983 1578 3049 in
1626 2983 1849 3049 animo
1879 2982 2286 3071 compatiens
2337 2981 2736 3049 monstruosi
2763 2996 3004 3114 Forltlnlof

2765 3081 2855 3116 800
2936 3076 3063 3118 ester

636 3091 668 3118 “
715 3084 985 3150 aborsus
1042 3085 1257 3165 foetui,
1317 3085 1608 3153 melioris
1668 3090 1852 3152 ortus
1911 3086 2215 3174 gratiam,
2261 3085 2424 3151 dum
2483 3086 2741 3152 modica
2766 3132 2831 3182 of
2855 3148 3037 3196 expos.

640 3194 673 3220 ‘⁸
720 3187 1033 3254 manserit
1089 3188 1348 3255 morula
1404 3189 1806 3256 renascendi.
1899 3189 2153 3268 Frater,
2214 3208 2351 3253 non
2412 3193 2566 3254 ortu
2623 3186 2740 3253 sed
2765 3197 2996 3250 tulation.

640 3297 673 3323 “
719 3289 965 3372 ordine,
1008 3291 1254 3379 filique,
1299 3314 1435 3359 non
1486 3298 1735 3359 natura
1779 3291 1898 3357 sed
1947 3290 2423 3377 nuncupative,
2471 3289 2552 3354 de
2605 3312 2741 3354 ma-

636 3398 671 3426 “
718 3392 886 3458 teria
933 3394 1256 3461 scribendi
1308 3416 1510 3482 quam
1563 3394 1922 3472 ministras,
1971 3399 2091 3458 tua
2142 3413 2227 3457 ex
2277 3396 2468 3478 parte
2506 3390 2743 3478 grandi

634 3502 667 3528 “
711 3494 949 3563 rubore
999 3497 1480 3577 confundimur,
1511 3520 1596 3566 ex
1648 3501 2009 3582 nostraque
2049 3516 2188 3562 non
2217 3490 2244 3530 ³
2261 3493 2573 3561 mediocri
2601 3516 2740 3561 sus-

636 3606 665 3632 “
712 3596 883 3684 pirio
941 3597 1016 3665 in
1076 3600 1506 3667 interioribus
1564 3600 2009 3666 molestamur.
2139 3598 2248 3663 Ex
2319 3602 2442 3664 tua
2507 3597 2741 3683 utique

628 3708 661 3734 “
708 3706 897 3786 parte
955 3701 1107 3769 ideo
1164 3702 1403 3770 rubore
1447 3702 1703 3769 confusi
1752 3708 2022 3781 stamus,
2073 3702 2230 3788 quia
2278 3704 2376 3783 tu,
2431 3722 2741 3767 verecun-

631 3811 661 3838 “
708 3802 838 3869 diae
896 3804 1186 3870 nesciam
1245 3804 1530 3872 frontem
1589 3803 1617 3844 ⁰
1635 3804 2001 3871 sublimans
2049 3804 2511 3881 meretriciam,
2547 3803 2738 3891 quasi
2849 3854 2854 3861 .

632 3913 665 3941 ‘⁸
711 3927 873 3993 puer
931 3906 1319 3987 indomitus,
1382 3912 1613 3975 contra
1687 3913 1948 3996 patrem
2022 3907 2417 3985 recalcitras,
2475 3906 2593 3992 qui
2669 3910 2738 3971 te

632 4016 664 4043 “
706 4007 1149 4076 circumduxit
1209 4032 1286 4077 ac
1335 4010 1580 4092 docuit,
1629 4009 2131 4095 custodivitque
2175 4014 2261 4074 ut
2311 4007 2522 4074 aciem
2568 4006 2740 4072 oculi

633 4118 665 4147 “
711 4132 788 4176 ac
844 4099 1183 4201 pupillam.
1274 4112 1383 4180 Ex
1441 4119 1671 4181 nostra
1728 4133 1889 4178 vero
1950 4109 1976 4147 ⁷
1998 4111 2242 4177 idcirco
2293 4110 2365 4175 in
2423 4108 2744 4175 vitalibus

701 4356 718 4388 ¹
740 4355 880 4407 Lake
902 4357 978 4409 ix.
1003 4364 1085 4409 62.
1729 4344 1824 4410 but
1880 4358 2174 4424 apparently
2248 4357 2372 4408 with
2428 4363 2745 4422 expunctory

698 4437 720 4468 ²
741 4435 944 4488 hostium
966 4437 1018 4487 in
1041 4438 1155 4491 MS.
1730 4438 1920 4488 marks.

699 4515 720 4548 ³
733 4514 975 4581 peliceam
988 4517 1043 4566 in
1065 4517 1206 4569 MS.:
1250 4517 1337 4569 the
1361 4516 1572 4569 allusion
1594 4517 1638 4569 is
1802 4517 1824 4548 ⁶
1845 4517 2161 4582 Apparently
2184 4513 2476 4566 sublarvans
2499 4514 2552 4564 in
2573 4515 2687 4568 MS.

630 4602 685 4646 to
713 4594 922 4646 Genesis
944 4595 1017 4648 iii.
1041 4602 1121 4648 21.
1807 4594 1829 4631 7
1851 4596 2029 4644 iccirco
2051 4594 2104 4644 in
2127 4596 2242 4647 MS.
2299 4595 2412 4646 The
2437 4594 2582 4645 word
2594 4601 2746 4661 parce

701 4677 719 4705 ⁴
749 4673 961 4726 Genesis
982 4674 1054 4726 iii.
1083 4682 1158 4729 19.
1732 4674 1779 4727 is
1804 4675 2111 4727 undemod
2140 4675 2275 4726 here.

699 4756 718 4785 ⁸
740 4770 803 4806 ex
839 4754 884 4807 is
921 4756 1097 4822 placed
1134 4757 1311 4809 before
1352 4755 1452 4807 this
1486 4757 1641 4820 word,
