3467 5717
1312 841 1559 893 smol-1
1603 840 1879 897 mann
1965 784 1974 787 “
2528 829 2655 895 281

556 1035 595 1066 “
640 1030 928 1098 tei-itatis
974 1031 1335 1119 progenieS,
1381 1032 1560 1118 quod
1603 1054 1726 1100 nec
1777 1033 1970 1100 bonis
2013 1032 2182 1102 bene
2228 1035 2329 1101 uti
2374 1034 2657 1115 noverit,
2686 1061 2786 1098 ω.
2803 1056 2999 1103 1m.sn.

561 1139 597 1168 ‘⁸
644 1155 765 1199 nec
808 1155 850 1198 a
895 1134 1106 1212 malis,
1150 1155 1300 1220 quae
1346 1139 1638 1200 mentem
1692 1138 1864 1201 male
1909 1136 2234 1216 inficiunt,
2279 1136 2476 1202 modo
2522 1158 2661 1202 mo-
2685 1130 2879 1182 ³¹⁸⁸*st
2902 1132 2964 1181 ⁰¹⁹

561 1244 596 1271 ‘⁸
642 1236 828 1302 desto
891 1236 1224 1302 abstinere
1298 1236 1479 1303 velit.
1572 1237 1769 1318 Quod
1843 1260 1966 1305 nos
2041 1239 2246 1305 oculis
2316 1241 2661 1326 utriusque
2687 1198 2979 1315 251¹&er

557 1344 593 1373 ‘⁴
638 1338 928 1404 hominis
957 1339 1495 1425 contemplantes,
1527 1340 2144 1428 considerantesque
2188 1363 2388 1429 quam
2434 1342 2663 1407 devius
2688 1330 2948 1446 geum-3¹1&

559 1449 594 1476 “
641 1440 1163 1527 damnabilisque
1206 1440 1297 1505 sit
1357 1461 1538 1505 error
1594 1440 1670 1506 in
1730 1443 2056 1523 omnibus,
2106 1448 2176 1509 et
2220 1444 2547 1531 praecipue
2591 1444 2665 1507 in
2689 1411 2928 1513 ffiheg

562 1550 597 1578 “
644 1542 1040 1608 monachieae
1085 1540 1482 1607 conditionis
1526 1541 1889 1629 clavigeris,
1937 1544 2112 1610 bona
2156 1545 2273 1610 illa
2326 1547 2398 1611 in
2441 1545 2664 1632 priva·
2689 1529 2961 1645 iixifftssns

563 1651 603 1680 “
649 1650 751 1711 tos
799 1665 958 1710 usus
1001 1642 1380 1722 distrahere,
1411 1665 1557 1729 quae
1601 1644 1858 1710 sincera
1902 1652 2167 1732 patrum
2213 1647 2496 1723 devotiO,
2527 1667 2664 1712 non
2962 1634 2975 1646 ⁹

563 1753 601 1785 “
644 1752 867 1812 tamen
912 1747 1156 1832 absque
1201 1746 1423 1810 labore
1482 1745 1708 1828 arduo,
1756 1747 1844 1811 ad
1902 1748 2269 1834 profectum
2324 1748 2661 1835 publicum

560 1857 597 1885 “
640 1869 1108 1934 communeque
1168 1848 1576 1913 commodum
1651 1849 2004 1916 studuerat
2061 1851 2388 1916 attentius
2448 1850 2661 1938 appli-

558 1959 595 1988 “
638 1972 813 2031 care3
857 1972 1010 2015 cum
1055 1951 1155 2015 Eo
1200 1950 1616 2015 intendimus
1659 1956 1947 2032 auctore,
1979 1953 2095 2038 qui
2142 1952 2383 2031 fideles,
2413 1957 2483 2018 et
2526 1972 2659 2017 non

564 2061 600 2089 “
647 2053 826 2132 aliosi,
856 2051 1162 2118 admittit
1183 2052 1629 2138 negotiatores
1659 2051 1730 2117 in
1766 2053 2257 2139 dispensatione
2285 2053 2662 2140 hujusmodi

564 2162 600 2192 “
643 2160 955 2232 statuere,
1000 2154 1174 2242 leges
1221 2159 1292 2219 et
1337 2155 1692 2235 normulas‚
1740 2155 1983 2241 quibus
2029 2155 2353 2242 Magister
2390 2176 2660 2243 operum

564 2263 603 2294 “
646 2256 862 2322 fidelis
916 2256 1292 2322 censebitur
1337 2256 1766 2342 dispensator,
1817 2278 1894 2322 ac
1944 2257 2250 2344 prudens,
2280 2257 2304 2296 ¹
2322 2257 2395 2323 in
2451 2262 2666 2345 poste·

561 2365 601 2394 “
646 2381 812 2437 rum,
836 2359 1227 2445 singulaque
1250 2358 1390 2423 zelo
1414 2362 1551 2423 tam
1574 2362 1754 2425 recto
1777 2359 2235 2445 supervidebit
2257 2361 2667 2427 adhaerentia

560 2471 595 2497 “
640 2482 759 2526 suo
790 2460 1018 2540 officio,
1052 2460 1231 2546 quod
1259 2481 1380 2526 nec
1425 2481 1575 2525 cum
1607 2457 1832 2525 Unda.
1860 2461 2117 2527 dicetur
2145 2462 2391 2528 loculos
2420 2485 2662 2550 gerere,

561 2569 596 2599 ‘⁸
643 2584 761 2627 nec
807 2583 957 2627 cum
1006 2562 1273 2627 Anania
1319 2566 1588 2648 propter
1635 2562 1902 2648 privata
1947 2562 2250 2629 habenda
2296 2564 2552 2650 peculia
2590 2566 2662 2630 in

562 2673 596 2703 ‘⁴
640 2663 909 2730 finalem
937 2664 1288 2729 interitum
1319 2663 1552 2730 mortis
1585 2663 1682 2728 ire
1710 2687 1728 2743 ;
1769 2665 1989 2742 immo,
2020 2687 2170 2730 cum
2201 2666 2415 2747 Petro,
2449 2667 2662 2733 Petri-

559 2773 596 2804 “
641 2788 768 2853 que
796 2767 1232 2852 comparibus,
1260 2766 1478 2853 pretia
1506 2765 1830 2832 bonorum
1862 2764 1888 2804 ³
1908 2767 2230 2854 colligere,
2260 2767 2661 2855 collectaque

560 2878 595 2905 “
641 2869 1054 2946 distribuere,
1081 2873 1281 2956 prout
1325 2867 1679 2955 unicuique
1725 2890 1890 2956 opus
1933 2869 2079 2935 erit.
2173 2869 2265 2934 Et
2308 2874 2389 2936 ut
2436 2871 2664 2958 hujus·-

562 2978 597 3006 “
644 2971 821 3037 modi
865 2971 1265 3038 collectionis
1316 2970 1936 3057 distributionisque
1985 2971 2374 3036 observetur
2433 2973 2666 3038 modus
2793 3008 2802 3013 ·

562 3080 599 3109 “
647 3073 669 3113 ¹
691 3074 761 3139 in
806 3079 1159 3161 posterum,
1190 3073 1575 3159 viteturque
1623 3073 1839 3139 omnis
1868 3073 2038 3137 alius
2066 3074 2239 3139 ritus
2269 3074 2664 3156 anormalus,

561 3184 594 3211 “
641 3196 759 3262 per
829 3198 1022 3263 quem
1101 3176 1355 3241 causari
1430 3180 1651 3262 posset
1730 3176 2054 3241 bonorum
2130 3175 2477 3241 distractio
2551 3198 2668 3263 per

559 3287 591 3312 “
638 3278 934 3360 abusum,
965 3298 1101 3358 nos,
1133 3277 1180 3342 J
1183 3276 1477 3341 ohannes
1506 3276 2069 3354 Whethamstede,
2104 3277 2335 3343 Abbas
2379 3279 2666 3364 exempti

562 3390 597 3416 “
644 3379 1030 3445 Monasterii
1063 3379 1293 3446 Sancti
1314 3378 1582 3460 Albani,
1606 3384 1675 3444 et
1703 3380 1997 3466 ejusdem
2029 3379 2152 3445 loci
2176 3379 2668 3459 Conventus,—

652 3491 686 3517 “
735 3482 1069 3569 Inprimis,
1116 3481 1492 3562 statuimus,
1537 3481 1934 3559 ordinamuS,
1982 3486 2052 3546 et
2116 3481 2443 3562 volumus,
2489 3482 2668 3569 quod

566 3591 603 3621 “
652 3584 969 3670 Magister
1012 3585 1138 3649 iste
1200 3605 1488 3670 operum,
1546 3584 1786 3670 majori
1846 3584 2196 3671 diligentia
2248 3606 2381 3670 qua
2427 3584 2669 3662 valeat,

565 3693 602 3722 “
648 3685 830 3751 istud
893 3707 1085 3751 suum
1154 3691 1342 3772 regat
1415 3685 1716 3768 officium,
1779 3687 2172 3773 studeatque
2241 3708 2377 3752 non
2449 3687 2669 3753 minus

564 3796 603 3825 “
646 3788 932 3854 fideliter
981 3810 1180 3874 quam
1233 3788 1593 3875 prudenter
1651 3789 1943 3875 singulos
2001 3789 2304 3876 colligere
2364 3789 2665 3855 redditus

568 3896 605 3926 ‘⁸
650 3895 720 3956 et
765 3895 1143 3977 proventus,
1196 3911 1273 3955 ac
1332 3911 1443 3955 eos
1500 3890 1808 3977 protinus
1866 3896 2017 3976 post
2064 3891 2514 3957 collectionem
2578 3892 2669 3957 ad

568 4000 605 4028 “
652 4014 889 4058 manus
955 3992 1301 4058 custodum
1365 3992 1548 4058 cistae
1610 3991 1638 4030 ⁴
1660 3993 2026 4057 communis
2081 3992 2496 4078 integraliter
2558 3993 2671 4058 de·

565 4104 599 4130 “
645 4099 954 4181 portare3
998 4094 1215 4159 nullas
1261 4093 1570 4160 “omnino
1616 4092 1910 4159 facturus
1960 4093 2417 4171 relaxationes,
2450 4115 2670 4159 remu-

566 4206 601 4232 “
648 4198 1037 4276 nerationes,
1089 4202 1210 4262 aut
1262 4196 1712 4278 resolutiones,
1765 4195 1896 4260 nisi
1949 4216 2099 4261 cum
2151 4195 2389 4262 horum
2451 4202 2672 4262 custo·

582 4418 825 4427 ς--ο--κι

638 4546 653 4579 ¹
675 4548 976 4612 inposterum
997 4547 1052 4596 in
1073 4544 1187 4596 MS.
1736 4545 1758 4574 ⁸
1780 4542 1908 4593 Acts
1927 4542 1993 4595 iv.
2017 4548 2098 4604 34,
2122 4549 2203 4595 35.

634 4626 657 4659 ²
677 4626 737 4674 In
774 4626 989 4675 allusion
1023 4632 1077 4675 to
1110 4620 1248 4676 John
1283 4622 1372 4673 xii.
1405 4628 1453 4686 6,
1477 4623 1578 4674 and
1736 4622 1758 4654 ⁴
1784 4623 1998 4672 comunis
2020 4622 2074 4672 in
2096 4623 2210 4674 MS.

568 4705 692 4755 Acts
712 4721 762 4756 v.
789 4711 834 4756 5.
1740 4702 1760 4732 ⁸
1781 4704 1938 4750 omnio
1962 4700 2014 4751 in
2032 4700 2142 4753 MS.
