3467 5717
832 898 964 961 354
1498 905 1818 958 ANNALES
1859 902 2285 956 MONASTERII

498 1159 636 1213 AD.
665 1164 808 1212 1433.
831 1145 1189 1216 Procas-sus
1232 1142 1441 1210 totius
1485 1141 1737 1210 laboris
1782 1138 2278 1232 Episcopomm
2318 1139 2409 1209 in
2457 1138 2942 1209 convocatione

1012 1246 1479 1417 {aeggemcontra
1536 1244 1882 1328 Abbate‘m,
1944 1245 2303 1336 ipsiusque
2362 1242 2648 1313 Abbatis
2706 1248 2945 1311 contra

501 1499 615 1549 The
932 1476 1201 1545 Interea
1243 1475 1462 1556 etiam,
1507 1475 1668 1541 dum
1730 1475 1951 1541 dictus
2016 1474 2247 1542 Abbas
2288 1480 2432 1542 tam
2478 1478 2791 1562 potenter
2834 1473 2948 1540 de·

501 1565 718 1643 33⁶¹⁸P⁰P⁸
732 1579 817 1615 are
841 1579 1159 1647 fendebat
1202 1599 1468 1645 causam
1527 1577 1632 1644 sui
1678 1577 1946 1660 Prioris,
1992 1577 2481 1644 infremuerunt
2522 1575 2951 1643 vehementer

503 1633 786 1747 ssfflffosstt'
840 1683 913 1748 in
955 1679 1316 1749 visceribus
1345 1701 1570 1747 omnes
1599 1679 1792 1768 quasi
1820 1680 2009 1768 regni
2039 1679 2373 1747 Praesules.
2464 1678 2951 1747 Convenientes

504 1762 782 1880 {2321132-
842 1785 1020 1871 apud
1049 1783 1370 1849 sanctum
1400 1782 1684 1850 Paulum
1712 1804 1834 1871 por
1861 1783 2043 1849 viam
2072 1781 2594 1862 convocationis,
2638 1782 2714 1847 in
2739 1800 2952 1847 unum

506 1896 582 1948 St.
603 1896 790 1958 Paula,
840 1885 1148 1952 meditati
1209 1883 1481 1951 fuerunt
1537 1884 1744 1962 varia,
1807 1884 1949 1951 Deo
2011 1887 2239 1951 tamen
2317 1884 2725 1972 disponente,
2785 1883 2955 1949 fina-

502 1962 756 2080 ssffie„
840 1987 994 2054 liter
1036 1986 1279 2066 inania,
1323 1987 1637 2055 adversus
1655 1986 1799 2077 jam
1844 1985 2098 2053 dictum
2127 1986 2481 2069 Abbatem,
2512 1987 2954 2071 adversusque

502 2094 702 2161 against
730 2094 818 2145 the
842 2090 1156 2178 exiguum
1201 2087 1494 2155 Priorem
1538 2111 1752 2155 suum.
1844 2088 2159 2156 Meditati
2189 2087 2366 2155 enim
2408 2087 2680 2155 fuerunt
2717 2089 2951 2176 prime,

506 2162 805 2280 ffibssssssssfl
841 2191 1168 2282 quomodo
1197 2190 1743 2271 reclamationem,
1773 2212 1973 2278 quam
2003 2190 2236 2257 Abbas
2263 2212 2383 2278 pro
2427 2189 2803 2258 defensione
2847 2189 2955 2256 sui

841 2295 1089 2362 Prioris
1117 2293 1578 2382 praetenderat,
1608 2296 1878 2381 possent
1920 2292 2223 2360 totaliter
2251 2292 2604 2373 destruere,
2649 2292 2955 2381 probare-

844 2419 973 2486 que
1015 2397 1270 2463 nullam
1314 2397 1518 2464 talem
1561 2417 1679 2483 per
1721 2395 1942 2483 ipsum
1970 2395 2306 2463 Abbatem
2350 2395 2425 2462 in
2461 2395 2952 2463 convocatione

843 2501 1001 2567 cleri
1031 2500 1273 2567 factam
1301 2499 1519 2566 fuisse.
1610 2498 1935 2580 Secundo,
1981 2521 2131 2565 cum
2161 2499 2235 2565 in
2264 2500 2391 2568 hac
2419 2521 2541 2567 sua
2567 2498 2953 2587 probatione

846 2601 1220 2681 deficerent,
1266 2601 1557 2688 qualiter
1597 2600 1813 2689 ipsam
1855 2601 2392 2668 reclamationem
2436 2601 2806 2669 invalidam
2847 2602 2952 2666 in-

844 2702 1384 2789 effectualemque
1412 2703 1487 2768 in
1520 2702 1675 2789 jure
1705 2700 2011 2773 Ecclesiae
2039 2703 2308 2771 reddere
2336 2709 2619 2791 possent.
2706 2702 2952 2784 TertiO,

842 2827 995 2872 eum
1078 2806 1284 2872 etiam
1357 2806 1426 2870 in
1499 2804 1635 2890 [illo
1726 2810 2041 2887 errarent,
2105 2805 2434 2892 quomodo
2508 2804 2951 2873 conditionem

842 2905 869 2946 ¹
884 2905 1399 2996 praejudicialem
1427 2906 1593 2973 alias
1633 2906 1709 2973 in
1754 2907 2163 2975 concessione
2192 2907 2597 2974 decimarum
2622 2928 2950 2974 annexam

839 3031 1066 3077 rursus
1094 3014 1362 3098 possent
1389 3008 1714 3091 amittere,
1747 3010 1969 3097 sicque
1996 3009 2263 3077 vincula
2288 3010 2621 3099 refflarum
2666 3009 2954 3079 utta-a-

843 3134 991 3178 rum
1042 3110 1426 3179 Patentium
1474 3111 1868 3199 dirumpere,
1914 3112 2356 3200 projicereque
2409 3112 2715 3180 totaliter
2745 3134 2788 3177 a
2803 3112 2941 3178 suis

842 3212 870 3253 ²
892 3214 1255 3281 cervicibus
1283 3214 1451 3280 illud
1482 3214 1832 3282 servitutis
1852 3217 2112 3302 jugum,
2137 3237 2269 3302 quo
2298 3218 2686 3282 coartantur
2712 3214 2787 3280 in
2814 3215 2951 3280 suis

841 3316 869 3356 ⁸
890 3317 1303 3385 Dioecesibus
1331 3338 1643 3405 personas
1694 3315 2036 3396 limitatas,
2067 3321 2140 3384 et
2180 3338 2598 3405 nequaquam
2643 3316 2672 3356 ⁴
2689 3316 2953 3383 indiffe-

844 3425 1069 3488 renter
1096 3442 1341 3500 omnes,
1387 3421 1707 3508 deputare
1751 3418 2126 3487 collectores
2169 3419 2592 3488 decimarum.

509 3536 656 3601 They
678 3550 763 3588 are
933 3523 959 3563 ⁶
982 3523 1115 3591 Sed
1157 3523 1233 3589 in
1274 3506 1407 3589 hi'is
1450 3523 1756 3590 omnibus
1802 3521 1984 3588 Deus
2029 3521 2160 3603 ille,
2193 3523 2309 3609 qui
2351 3522 2619 3590 habitat
2644 3521 2719 3587 in
2748 3520 2949 3599 eoelis,

505 3602 736 3719 {325⁶}ss
842 3625 1163 3691 irridebat
1191 3628 1341 3712 eoa]
1370 3624 1546 3707 Quia
1575 3625 1736 3692 dum
1765 3625 1894 3712 ipsi
1910 3646 2029 3712 pro
2059 3624 2272 3712 primo
2300 3625 2703 3693 adducerent
2732 3624 2954 3712 plures

504 3743 679 3799 tempt,
701 3737 771 3800 by
844 3747 933 3793 ex
973 3725 1144 3792 clero
1174 3730 1380 3794 testes
1430 3726 1716 3814 fragiles,
1761 3748 1847 3794 ne
1890 3727 2155 3794 dicatur
2194 3727 2410 3807 falsos,
2453 3728 2542 3793 ad
2591 3727 2953 3794 testifican-

507 3801 797 3933 ξζέξξωῡῃγ,
843 3828 1004 3894 dum
1033 3849 1183 3894 cum
1226 3829 1406 3916 ipsis,
1437 3829 1764 3915 quomodo
1793 3850 1915 3896 nec
1943 3828 2170 3896 Abbas
2199 3852 2483 3918 praesens
2511 3829 2585 3897 in
2613 3830 2749 3897 fine
2778 3830 2952 3897 Gon·

505 3942 561 3985 to
582 3950 736 3998 provo
842 3931 1208 3997 vocationis
1235 3929 1471 4011 fuerat,
1501 3952 1623 3998 nec
1666 3931 1874 3997 ullam
1918 3938 2151 3998 contra
2193 3932 2439 3998 dictam
2483 3932 2949 4009 conditionem,

505 4000 808 4119 ffissot'lt'lmd
843 4033 1003 4099 dum
1033 4032 1380 4120 legebatur
1424 4033 1500 4099 in
1545 4033 1828 4120 publico,
1875 4033 2411 4100 reclamationem
2440 4033 2740 4113 faciebat,
2771 4054 2946 4112 molt,

503 4135 675 4249 1ῠὲᾶῷ
671 4148 771 4249 ¹22„
846 4135 1033 4222 quasi
1090 4134 1166 4201 in
1222 4136 1324 4201 ira
1391 4136 1486 4203 eis
1561 4135 1822 4202 locutus
1900 4134 2137 4201 fuisset
2209 4135 2555 4217 Dominus,
2617 4140 2950 4202 steterunt

506 4213 766 4317 peonvooa-
846 4236 1124 4303 attoniti
1184 4259 1426 4316 omnes,
1487 4237 2091 4325 erubescebantque
2148 4237 2575 4305 vehementer
2617 4238 2700 4304 de
2758 4237 2945 4303 testi-
2966 4262 2991 4283 ·

508 4329 631 4384 tion.
844 4338 1267 4405 ficationibus
1326 4340 1480 4406 suis.
1586 4340 1766 4407 Nam
1825 4340 1901 4405 in
1959 4338 2428 4407 testificatione
2487 4339 2785 4406 omnium
2844 4337 2947 4404 ita

843 4441 1367 4522 testificantium,
1414 4443 1713 4510 extraxit
1764 4441 1993 4510 Abbas
2046 4442 2130 4511 de
2187 4443 2339 4510 sinu
2396 4463 2517 4509 suo
2576 4463 2781 4522 suam,
2826 4461 2946 4530 per

909 4659 1304 4726 Ῥνῇιιᾱεοεαιαη
1325 4663 1382 4712 in
1403 4662 1518 4715 us.
2000 4661 2023 4694 ⁴
2048 4661 2369 4728 mserum
2389 4662 2442 4713 in
2464 4661 2581 4715 MS.

903 4736 1426 4793 ’κνυίι-ἰόιιείιιΜΒ.
2000 4739 2348 4794 ‘Semnus

906 4815 930 4850 ⁸
950 4816 1248 4870 mommo
1268 4818 1324 4869 in
1345 4817 1462 4872 ms.
