3467 5717
1339 832 1583 884 saue-n
1628 831 1901 883 ALBANL
2549 817 2677 880 265

574 1018 899 1085 malitiam
952 1016 1177 1106 potius
1244 1040 1361 1107 pcr
1422 1018 1821 1107 sapientiam
1866 1018 2150 1098 vincere,
2196 1039 2394 1102 quam
2455 1015 2677 1082 virum
2703 1030 3012 1086 A.n.1428,9.

578 1120 980 1199 malivolum,
1026 1124 1097 1185 et
1141 1121 1228 1185 ad
1271 1121 1776 1208 malignandum
1821 1143 2124 1208 pronum,
2171 1143 2289 1207 per
2332 1141 2677 1207 exaspera·
2703 1117 2757 1167 in
2779 1117 2964 1181 prefer-

570 1222 820 1288 tionem
868 1224 955 1288 ad
985 1223 1397 1289 iracundiam
1443 1245 1817 1310 provocare.
1908 1223 2317 1289 Accedentes
2353 1223 2558 1309 igitur
2589 1222 2676 1287 ad
2702 1191 2936 1315 ἓξὲξέῗο

569 1325 925 1405 Abbatem,
949 1324 1332 1412 aperierunt
1360 1347 1475 1391 ora
1503 1348 1641 1407 sua,
1675 1326 2177 1412 intuleruntque
2222 1326 2322 1390 illi
2352 1348 2469 1413 per
2499 1325 2676 1390 hunc
2704 1319 2814 1368 ΙΝ·
2856 1316 2862 1321 ’

569 1426 839 1492 modum
863 1433 1009 1490 2--“
1029 1427 1266 1492 Pastor
1325 1426 1611 1513 politice,
1656 1432 1726 1493 et
1791 1426 2198 1513 gubernator
2264 1428 2665 1494 modeste.—

482 1535 494 1545 .
576 1536 612 1563 «ς
660 1528 766 1594 Ut,
809 1527 1165 1614 attingatis
1208 1551 1251 1593 a
1297 1530 1424 1594 fine
1470 1550 1679 1615 usque
1740 1529 1826 1594 ad
1873 1530 2077 1594 finem
2121 1529 2401 1611 fortiter,
2455 1530 2675 1617 dispo-

578 1637 613 1664 “
661 1629 969 1715 natisque
1037 1630 1262 1694 omnia
1325 1630 1642 1711 suaviter,
1689 1631 2092 1696 consulimus
2152 1631 2342 1697 vobis
2410 1646 2674 1696 concor-

576 1738 612 1766 “
658 1732 830 1797 diter
859 1753 1099 1812 omnes,
1133 1735 1229 1811 ut,
1257 1731 1429 1797 bello
1463 1732 1781 1819 jurgiosae
1816 1732 2262 1820 placitationis
2290 1733 2379 1797 ad
2409 1737 2671 1819 tempus

571 1843 606 1868 “
652 1839 917 1913 semotO,
965 1833 1243 1899 tentetis
1288 1833 1599 1920 primitus
1643 1834 1862 1900 media
1903 1834 2100 1921 pacis,
2133 1839 2204 1900 et
2246 1835 2587 1921 posteriuS,
2620 1833 2678 1899 si

576 1942 612 1968 “
657 1940 727 2001 et
771 1940 1100 2020 quatenus
1143 1934 1366 2001 media
1393 1935 1527 2000 ista
1556 1956 1691 2002 non
1719 1936 2131 2022 profecerint,
2163 1935 2670 2023 apprehendatis

579 2043 614 2071 “
660 2036 942 2111 ulterius
987 2060 1171 2103 arma
1213 2036 1395 2123 legis,
1443 2038 1916 2124 exurgatisque
1961 2037 2261 2125 legaliter
2314 2039 2386 2102 in
2447 2039 2683 2125 proelio

579 2144 617 2173 “
662 2143 894 2205 contra
955 2139 1407 2205 adversarium
1474 2140 1680 2205 vestri
1731 2139 1922 2225 juris.
2015 2140 2283 2219 Forsan,
2331 2141 2418 2205 ad
2464 2141 2679 2207 instar

581 2247 618 2275 “
668 2241 824 2325 equi
870 2241 1202 2322 indomiti,
1249 2241 1453 2307 verbo
1519 2242 1753 2308 melius
1817 2243 2097 2309 ducetur
2152 2265 2349 2329 quam
2394 2243 2684 2321 verbere,

584 2348 621 2376 “
665 2343 1019 2430 aptiusque
1063 2343 1497 2409 inclinabitur
1541 2343 1627 2409 ad
1672 2344 2080 2411 reddendum
2132 2344 2317 2411 vobis
2363 2345 2540 2430 quod
2585 2350 2687 2409 est

580 2450 617 2481 “
664 2448 957 2510 vestrum
1051 2445 1386 2512 suavitate
1461 2446 1783 2513 sermonis
1872 2469 2073 2534 quam
2164 2447 2682 2534 exasperatione.

581 2553 618 2583 “
661 2547 960 2613 Tentetis
988 2547 1194 2634 igitur
1215 2547 1544 2634 primitae,
1563 2549 1752 2614 vobis
1775 2548 2188 2629 consulimus,
2214 2549 2433 2614 media
2460 2549 2642 2635 pacis
2666 2573 2683 2629 ;

584 2656 621 2683 “
665 2654 735 2715 et
777 2648 1018 2731 forsan,
1066 2650 1312 2736 absque
1373 2650 1674 2716 ulteriori
1743 2651 1884 2716 litis
1935 2652 2238 2739 strepitu,
2286 2650 2540 2717 facietis
2601 2650 2684 2715 de

582 2756 619 2788 ‘⁴
669 2750 918 2817 ¹Saulo
963 2751 1264 2833 Paulum,
1313 2757 1384 2818 et
1427 2752 1508 2819 de
1554 2751 2010 2839 ²persecutore
2056 2775 2176 2819 vas
2221 2753 2619 2819 electionis?

672 2854 898 2920 Abbas
942 2854 1326 2944 intelligens
1374 2855 1455 2920 ⁴id
1501 2855 1847 2922 consilium
1890 2877 2123 2921 sanum
2176 2877 2333 2933 esse,
2377 2861 2448 2921 et
2498 2878 2685 2921 sanc-
2711 2868 2823 2919 The
2848 2867 3024 2918 Abbot

584 2961 749 3037 tum,
794 2978 871 3022 ac
914 2955 986 3021 in
1032 2957 1155 3022 hoc
1200 2956 1427 3023 doloso
1470 2958 1706 3025 saeculo
1754 2957 1938 3039 utile,
1971 2957 2346 3045 expediens,
2378 2963 2448 3023 et
2493 2958 2685 3023 valde
2709 2933 2894 3052 ἓξὲξ
2916 3015 2949 3050 a

584 3056 611 3097 3
631 3063 1091 3146 opportunum,
1137 3080 1295 3124 mox
1338 3059 1439 3124 illi
1499 3060 1830 3126 adhaerere
1893 3059 2265 3141 consensit3
2324 3063 2686 3146 vocatoque
2713 3067 3023 3127 conferenoe.

580 3161 675 3237 ,ad
742 3183 811 3244 se
872 3161 1039 3239 viro,
1108 3161 1189 3227 de
1250 3182 1382 3248 quo
1433 3161 1577 3248 jam
1634 3167 1735 3229 est
1788 3183 2019 3241 serm0,
2066 3161 2198 3227 hiis
2258 3184 2407 3227 cum
2471 3161 2688 3228 verbis
2709 3134 3024 3253 ffissfflffy

587 3263 1043 3329 amicabilibus
1073 3264 1318 3330 affatus
1347 3264 1481 3330 fuit
1502 3270 1651 3331 2—-“
1674 3264 1760 3329 In
1779 3263 2045 3332 Christo
2075 3264 2433 3331 condilecte
2462 3264 2688 3346 amice,
2711 3268 3004 3344 grieyanees

590 3372 627 3400 “
672 3366 893 3445 frater,
926 3370 997 3432 et
1024 3366 1857 3449 convicine.—Meminitis,
1891 3366 2054 3433 certi
2099 3389 2340 3446 sumus,
2371 3369 2693 3454 quomodo
2714 3343 2767 3387 ‘⁰
2788 3335 2907 3385 lum.

592 3475 629 3505 “
675 3468 929 3535 diutius
974 3490 1172 3556 quam
1220 3470 1459 3551 decuit,
1506 3466 1760 3535 ⁴immo
1805 3473 1874 3536 et
1919 3469 2304 3537 diuturnius
2334 3492 2531 3557 quam
2566 3470 2694 3537 for-

593 3578 628 3606 “
674 3593 797 3637 san
841 3571 1184 3637 Altissimo
1214 3572 1481 3659 placuit,
1520 3572 1850 3660 pendebat
1894 3572 2072 3639 inter
2115 3594 2234 3639 vos
2277 3577 2348 3638 et
2391 3595 2512 3640 nos
2556 3596 2694 3639 ma-

594 3680 631 3708 “
676 3674 847 3739 teria
912 3673 1051 3741 litis
1092 3676 1358 3763 gravis3
1416 3697 1535 3762 pro
1594 3698 1671 3742 eo
1739 3676 1916 3762 quod
1975 3676 2288 3742 continue
2339 3681 2694 3764 postquam

595 3781 632 3811 “
677 3777 935 3842 advena
978 3778 1337 3844 accessistis
1366 3779 1453 3843 ad
1483 3783 1705 3864 partes
1734 3779 1917 3861 istas,
1950 3783 2020 3845 et
2047 3778 2223 3844 infra
2251 3780 2418 3845 fines
2445 3785 2692 3846 nostrae

595 3884 630 3913 ‘⁶
676 3878 1008 3946 libertatis
1067 3879 1313 3947 fixistis
1377 3879 1571 3947 vobis
1638 3880 1997 3948 mansionis
2058 3880 2085 3919 ¹⁵
2105 3881 2339 3963 Gades,
2394 3881 2695 3947 redditus

595 3987 630 4017 “
674 3982 893 4048 varios
928 4004 1007 4048 ac
1050 3982 1339 4063 servitia,
1386 3987 1630 4049 nostrae
1674 3983 1961 4050 ecclesiae
2007 3983 2199 4071 pleno
2252 3983 2404 4069 jure
2450 3982 2694 4064 debita,

596 4091 631 4118 ‘⁴
679 4106 812 4171 qua
854 4085 995 4173 lege
1042 4085 1226 4152 ducti
1288 4085 1632 4166 nescimus,
1680 4085 2057 4152 retraxistis
2118 4084 2327 4176 nobis.
2425 4084 2697 4150 Deside-

598 4191 633 4221 “
676 4209 897 4252 ramus
960 4186 1187 4275 igitur,
1234 4210 1317 4254 ex
1383 4187 1495 4276 pio
1559 4189 1699 4255 zelo
1746 4192 1815 4253 et
1859 4210 1978 4275 pro
2042 4186 2215 4254 bono
2260 4187 2459 4274 pacis,
2507 4186 2699 4253 novit

597 4294 634 4323 “
677 4295 1006 4357 scrutator
1049 4291 1343 4357 cordium
1390 4286 1592 4371 Deus,
1642 4295 1721 4357 ut
1768 4295 1839 4358 et
1891 4312 2010 4357 vos
2076 4295 2148 4357 et
2191 4312 2329 4373 nos,
2377 4294 2516 4356 tam
2579 4312 2697 4377 pro

662 4504 681 4548 ¹
705 4514 831 4566 Acts
852 4515 964 4567 xiii.
989 4522 1038 4567 9.
1757 4518 1778 4545 ⁸
1805 4516 2019 4581 Grada,
2039 4516 2330 4584 originally,
2345 4518 2398 4568 in
2421 4518 2552 4579 MS„
2575 4517 2699 4570 with

661 4593 685 4626 ²
698 4603 1048 4660 persequutor-e
1068 4595 1124 4646 in
1148 4595 1262 4648 MS.
1688 4606 1752 4646 an
1799 4603 2115 4664 expunctory
2157 4597 2302 4649 mark
2355 4597 2572 4649 beneath
2612 4598 2699 4650 the

663 4672 686 4706 ³
706 4681 992 4739 oportunum
1014 4674 1067 4725 in
1086 4676 1203 4726 MS.
1688 4677 1875 4727 second
1895 4676 2055 4727 letters

663 4750 685 4785 ⁴
701 4769 812 4819 ymo
833 4753 888 4804 in
910 4755 1024 4807 MS.
