3467 5717
1312 877 1557 928 sanc-1⁸1
1600 874 1878 928 Anam.
2529 868 2662 933 293

557 1072 596 1101 “
638 1066 1154 1146 rationabilium,
1185 1087 1305 1153 pro
1337 1086 1647 1132 succursu
1692 1068 2169 1154 emergentium
2198 1069 2661 1134 necessitatum
2691 1075 3000 1131 A·¹³·1430.¹·

552 1176 587 1203 “
631 1173 701 1234 et
745 1169 1163 1235 evidentium
1209 1189 1478 1235 casuum
1542 1170 1925 1235 monasterii
1969 1170 2181 1236 nostri
2225 1172 2542 1258 praedicti,
2593 1178 2664 1238 et

547 1277 588 1306 “
631 1292 1063 1358 personarum
1108 1272 1181 1335 in
1226 1292 1322 1352 eo,
1364 1271 1852 1337 inviolabiliter
1883 1272 2460 1355 observandorum,
2491 1275 2664 1339 ordi-

549 1380 599 1437 “.
633 1373 948 1452 nationis,
1011 1378 1080 1439 et
1142 1372 1359 1439 Officii
1404 1372 1743 1460 Operariae
1807 1374 2275 1456 institutionis,
2322 1397 2399 1441 ac
2458 1377 2660 1442 etiam

553 1481 589 1512 “
635 1475 958 1540 bonorum
1001 1474 1478 1563 applicationiS,
1512 1474 1753 1561 quibus
1783 1476 2077 1561 operatio
2126 1480 2197 1542 et
2241 1480 2660 1543 manutentio

553 1586 587 1614 “
633 1582 1115 1643 structurarum
1147 1581 1216 1643 et
1245 1576 1673 1642 aedificiorum
1703 1577 1995 1643 ecclesiae
2027 1579 2415 1644 monasterii
2447 1582 2658 1645 nostri

555 1684 592 1713 “
636 1678 953 1766 praedicti,
998 1685 1068 1744 et
1119 1684 1358 1744 caetera.
1402 1700 1518 1765 per
1577 1699 1699 1742 nos
1745 1678 1818 1742 in
1875 1678 2000 1745 hac
2043 1686 2236 1766 parte
2296 1680 2658 1746 salubriter

552 1787 591 1817 “
634 1781 965 1858 instituta,
995 1802 1111 1867 per
1157 1778 1553 1866 Magistrum
1601 1780 1910 1867 Operum,
1944 1781 2086 1846 sive
2133 1779 2437 1848 Officium
2484 1782 2654 1869 Ope-

552 1889 588 1919 “
630 1883 820 1948 rariae
862 1886 1218 1969 gerentem,
1250 1903 1535 1968 congrue
1565 1883 1945 1962 sustentari,
1979 1885 2373 1967 conservari,
2419 1907 2653 1951 manu-

551 1991 589 2022 “
631 1984 862 2066 teneri,
908 1991 979 2050 et
1041 1984 1202 2065 fieri,
1269 1986 1539 2049 valeant
1582 1985 1656 2049 in
1704 1985 2029 2065 futurum,
2089 1987 2653 2053 confirmationem

552 2095 589 2124 “
632 2087 962 2174 procedat,
985 2092 1055 2152 et
1086 2087 1519 2152 effectualiter
1547 2109 1626 2152 ea
1654 2088 1879 2152 omnia
1908 2092 1978 2152 et
2007 2088 2267 2174 singula
2296 2089 2655 2170 confirmet,

551 2195 587 2223 “
633 2189 924 2275 petendi,
971 2193 1042 2255 et
1087 2211 1236 2255 cum
1288 2190 1618 2255 instantia
1662 2189 1891 2255 debita
1935 2190 2313 2276 requirendi
2370 2196 2438 2257 et
2483 2193 2655 2258 obti-

553 2296 589 2325 “
634 2292 878 2372 nendi3
922 2312 1174 2357 necnon
1219 2292 1580 2378 negotium,
1627 2292 1767 2357 sive
1796 2293 2083 2379 negotia,
2114 2294 2652 2376 confirmationis,

553 2399 589 2427 “
635 2391 994 2473 electionis,
1054 2392 1482 2475 fundationis,
1544 2397 1616 2458 et
1682 2394 2122 2460 ordinationis
2180 2395 2364 2463 cistae
2428 2418 2648 2483 supra-

552 2501 589 2531 “
636 2495 847 2575 dictae,
925 2516 1177 2562 necnon
1244 2495 1689 2560 institutionis
1767 2495 1982 2563 Officii
2062 2496 2418 2583 Operariae,
2504 2521 2652 2564 cum

552 2603 588 2633 “
632 2598 938 2662 omnibus
968 2603 1037 2663 et
1082 2597 1359 2684 singulis
1388 2595 1525 2662 suis
1569 2598 2111 2685 dependentibus,
2143 2600 2652 2686 emergentibus,

552 2709 593 2740 “
632 2703 1098 2783 incidentibus,
1172 2708 1243 2769 et
1315 2704 1626 2770 connexis
1702 2704 2217 2790 quibuscunque,
2285 2728 2494 2791 usque
2562 2709 2649 2773 ad

553 2813 589 2840 “
632 2804 900 2870 finalem
932 2805 1287 2870 eorundem
1320 2804 1808 2891 expeditionem
1840 2805 2159 2871 inclusive
2180 2809 2613 2894 prosequendi
2629 2833 2648 2887 3

548 2914 585 2944 “
622 2907 1077 2994 juramentum
1125 2908 1329 2972 etiam
1360 2912 1499 2972 tam
1547 2908 1628 2973 de
1672 2906 1692 2946 ¹
1721 2907 2054 2974 calumnia
2097 2930 2299 2994 quam
2345 2909 2426 2975 de
2474 2911 2648 2976 veri-

548 3018 582 3046 “
628 3015 768 3076 tate
838 3010 1134 3091 dicenda,
1191 3030 1449 3075 necnon
1494 3011 1930 3096 quodcunque
1975 3014 2463 3075 sacramentum
2507 3011 2650 3075 lici-

551 3118 588 3147 “
635 3117 778 3177 turn
839 3118 910 3178 et
971 3112 1337 3177 honestum'
1386 3112 1461 3177 in
1506 3112 1761 3176 animas
1822 3116 2088 3176 nostras
2150 3113 2515 3197 praestandi
2581 3117 2650 3179 et

549 3221 584 3250 “
619 3215 905 3301 jurandi,
970 3214 1173 3281 alium
1233 3214 1342 3279 vel
1409 3213 1574 3278 alios
1636 3217 2125 3300 procuratorem
2180 3214 2291 3278 vel
2348 3235 2652 3300 procura-

550 3323 586 3352 “
631 3322 806 3382 tores
836 3317 977 3383 loco
1006 3316 1316 3405 ipsorum,
1352 3320 1421 3381 et
1451 3316 1725 3381 alterius
1772 3315 2145 3393 eorundem,
2186 3314 2272 3380 ad
2313 3319 2652 3402 praemissa

549 3424 587 3454 “
632 3419 1101 3499 substituendi,
1149 3419 1588 3485 substitutum
1651 3439 1766 3483 seu
1830 3417 2229 3484 substitutos
2273 3416 2650 3503 hujusmodi

547 3526 585 3558 “
630 3522 1001 3605 revocandi,
1030 3525 1099 3588 et
1143 3520 1587 3609 procuratoris
1617 3519 1903 3585 officium
1949 3520 2021 3585 in
2067 3541 2136 3586 se
2183 3522 2648 3601 reassumendi,

547 3629 584 3659 “
629 3625 935 3709 quotiens
1009 3624 1205 3689 dictis
1278 3622 1816 3711 procuratoribus
1889 3623 2154 3704 nostris,
2228 3628 2348 3689 aut
2421 3645 2646 3690 eorum

548 3725 842 3806 “alteri,
906 3722 1246 3792 videbitur
1290 3725 1640 3813 expedire3
1684 3730 1756 3790 et
1802 3724 2199 3811 generaliter
2247 3727 2471 3792 omnia
2513 3727 2647 3792 alia

569 3832 702 3892 ‘et
746 3824 1010 3914 singula
1053 3826 1355 3908 faciendi,
1417 3828 1443 3867 ²
1466 3826 1833 3906 exercendi,
1894 3831 1964 3892 et
2022 3827 2433 3915 expediendi,
2496 3850 2647 3915 quae

548 3929 704 3992 “in
736 3928 1111 4015 praemissiS,
1144 3934 1215 3993 et
1246 3929 1419 3993 circa
1448 3950 1541 4006 ea,
1577 3929 1681 3993 vel
1711 3949 1939 3994 eorum
1969 3927 2256 4014 aliquod,
2286 3932 2650 3995 necessaria

547 4030 897 4108 “fuel-int,
949 4052 1065 4096 seu
1110 4029 1601 4116 quomodolibet
1648 4027 1675 4067 ³
1692 4035 2084 4116 opportuna,
2155 4030 2416 4094 etiamsi
2483 4030 2649 4096 talia

547 4137 584 4167 “
629 4132 786 4211 sint,
847 4154 997 4218 quse
1057 4133 1139 4197 de
1200 4153 1319 4197 sua
1381 4138 1625 4197 natura.
1670 4130 2058 4196 mandatum
2121 4132 2331 4217 magis
2374 4131 2648 4219 exigant

548 4240 585 4270 “
626 4234 918 4320 speciale.
1039 4234 1133 4300 Et
1160 4234 1615 4320 promittimus
1660 4254 1782 4298 nos
1809 4237 2033 4299 ratum
2078 4237 2149 4299 et
2176 4238 2464 4321 gratum,
2512 4240 2646 4301 sta-

545 4342 581 4371 “
630 4335 763 4401 bile
793 4341 993 4422 atque
1022 4336 1302 4413 firmum,
1341 4342 1657 4422 perpetuo
1700 4334 2043 4400 habituros
2089 4338 2306 4400 totum
2354 4340 2423 4402 et
2466 4338 2645 4423 quic—

545 4445 580 4472 “
626 4438 784 4522 quid
830 4437 993 4503 dicti
1048 4442 1500 4524 procuratores
1546 4439 1777 4515 nostri,
1822 4441 1941 4503 aut
1989 4457 2214 4502 eorum
2258 4439 2445 4519 alter,
2493 4441 2644 4505 sub—

532 4544 584 4599 f‘
629 4539 1014 4618 stitutusve‚
1059 4545 1181 4605 aut
1226 4540 1597 4617 substituti,
1659 4539 1746 4604 ab
1791 4539 1904 4619 eis,
1969 4539 2079 4604 vel
2142 4559 2368 4604 eorum
2419 4540 2645 4622 altero,

622 4760 635 4790 ¹
659 4759 939 4826 calumpnia
964 4761 1017 4811 in
1040 4761 1155 4812 MS.
1656 4728 1663 4734 -
1715 4758 1736 4792 ³
1758 4766 1995 4825 oportuna
2020 4759 2074 4809 in
2096 4759 2209 4811 MS.

617 4841 639 4873 ²
657 4839 942 4891 excercenda·
962 4839 1018 4889 in
1039 4837 1152 4889 MS.
