<?xml version="1.0" encoding="UTF-8"?>
<!DOCTYPE html PUBLIC "-//W3C//DTD XHTML 1.0 Transitional//EN"
    "http://www.w3.org/TR/xhtml1/DTD/xhtml1-transitional.dtd">
<html xmlns="http://www.w3.org/1999/xhtml" xml:lang="en" lang="en">
 <head>
  <title>
</title>
<meta http-equiv="Content-Type" content="text/html;charset=utf-8" />
  <meta name='ocr-system' content='tesseract 3.04.00' />
  <meta name='ocr-capabilities' content='ocr_page ocr_carea ocr_par ocr_line ocrx_word'/>
</head>
<body>
  <div class='ocr_page' id='page_1' title='image "./annalesmonaster00unkngoog_0314.png"; bbox 0 0 3467 5717; ppageno 0'>
   <div class='ocr_carea' id='block_1_1' title="bbox 606 852 2203 918">
    <p class='ocr_par' dir='ltr' id='par_1_1' title="bbox 606 852 2203 918">
     <span class='ocr_line' id='line_1_1' title="bbox 606 852 2203 918; baseline -0.003 0"><span class='ocrx_word' id='word_1_1' title='bbox 606 897 615 907; x_wconf 85' lang='lat'>-</span> <span class='ocrx_word' id='word_1_2' title='bbox 745 852 876 918; x_wconf 80' lang='lat'><strong>248</strong></span> <span class='ocrx_word' id='word_1_3' title='bbox 1407 863 1729 917; x_wconf 62' lang='lat' dir='ltr'><strong>muns</strong></span> <span class='ocrx_word' id='word_1_4' title='bbox 1774 863 2203 916; x_wconf 62' lang='lat' dir='ltr'><strong>Housman</strong></span> 
     </span>
    </p>
   </div>
   <div class='ocr_carea' id='block_1_2' title="bbox 417 1056 2871 4619">
    <p class='ocr_par' dir='ltr' id='par_1_2' title="bbox 417 1056 2871 4619">
     <span class='ocr_line' id='line_1_2' title="bbox 417 1056 2861 1142; baseline 0 -23"><span class='ocrx_word' id='word_1_5' title='bbox 417 1070 726 1127; x_wconf 51' lang='lat' dir='ltr'><strong>anx-1228.</strong></span> <span class='ocrx_word' id='word_1_6' title='bbox 754 1064 789 1092; x_wconf 89' lang='lat'>“</span> <span class='ocrx_word' id='word_1_7' title='bbox 835 1057 961 1122; x_wconf 84' lang='lat' dir='ltr'><strong>lica</strong></span> <span class='ocrx_word' id='word_1_8' title='bbox 1004 1078 1141 1122; x_wconf 86' lang='lat' dir='ltr'><strong>vox</strong></span> <span class='ocrx_word' id='word_1_9' title='bbox 1186 1061 1256 1122; x_wconf 89' lang='lat' dir='ltr'><strong>et</strong></span> <span class='ocrx_word' id='word_1_10' title='bbox 1300 1056 1514 1138; x_wconf 53' lang='lat' dir='ltr'><strong>samm</strong></span> <span class='ocrx_word' id='word_1_11' title='bbox 1564 1059 1743 1123; x_wconf 91' lang='lat' dir='ltr'><strong>unde</strong></span> <span class='ocrx_word' id='word_1_12' title='bbox 1787 1058 1963 1124; x_wconf 83' lang='lat' dir='ltr'><strong>facta</strong></span> <span class='ocrx_word' id='word_1_13' title='bbox 2006 1057 2138 1122; x_wconf 85' lang='lat' dir='ltr'><strong>fide</strong></span> <span class='ocrx_word' id='word_1_14' title='bbox 2185 1078 2333 1142; x_wconf 82' lang='lat' dir='ltr'><strong>quae</strong></span> <span class='ocrx_word' id='word_1_15' title='bbox 2379 1056 2744 1142; x_wconf 72' lang='lat' dir='ltr'><strong>requiritur</strong></span> <span class='ocrx_word' id='word_1_16' title='bbox 2788 1057 2861 1119; x_wconf 87' lang='lat' dir='ltr'><strong>in</strong></span> 
     </span>
     <span class='ocr_line' id='line_1_3' title="bbox 752 1158 2864 1246; baseline -0.001 -23"><span class='ocrx_word' id='word_1_17' title='bbox 752 1166 786 1194; x_wconf 89' lang='lat'><strong><em>“</em></strong></span> <span class='ocrx_word' id='word_1_18' title='bbox 830 1159 951 1223; x_wconf 86' lang='lat' dir='ltr'><strong>hac</strong></span> <span class='ocrx_word' id='word_1_19' title='bbox 994 1164 1203 1245; x_wconf 87' lang='lat' dir='ltr'><strong>parte,</strong></span> <span class='ocrx_word' id='word_1_20' title='bbox 1250 1180 1386 1223; x_wconf 89' lang='lat' dir='ltr'><strong>non</strong></span> <span class='ocrx_word' id='word_1_21' title='bbox 1432 1164 1535 1224; x_wconf 80' lang='lat' dir='ltr'><strong>est</strong></span> <span class='ocrx_word' id='word_1_22' title='bbox 1568 1159 2159 1246; x_wconf 88' lang='lat' dir='ltr'><strong>pronunciandum,</strong></span> <span class='ocrx_word' id='word_1_23' title='bbox 2192 1158 2694 1239; x_wconf 85' lang='lat' dir='ltr'><strong>decernendum,</strong></span> <span class='ocrx_word' id='word_1_24' title='bbox 2741 1160 2864 1223; x_wconf 84' lang='lat' dir='ltr'><strong>aut</strong></span> 
     </span>
     <span class='ocr_line' id='line_1_4' title="bbox 754 1259 2866 1348; baseline -0.001 -24"><span class='ocrx_word' id='word_1_25' title='bbox 754 1267 789 1295; x_wconf 87' lang='lat'><strong>“</strong></span> <span class='ocrx_word' id='word_1_26' title='bbox 835 1259 1145 1346; x_wconf 89' lang='lat' dir='ltr'><strong>quicquid</strong></span> <span class='ocrx_word' id='word_1_27' title='bbox 1196 1259 1377 1325; x_wconf 88' lang='lat' dir='ltr'><strong>aliud</strong></span> <span class='ocrx_word' id='word_1_28' title='bbox 1423 1260 1820 1339; x_wconf 89' lang='lat' dir='ltr'><strong>faciendum,</strong></span> <span class='ocrx_word' id='word_1_29' title='bbox 1853 1267 1931 1328; x_wconf 91' lang='lat' dir='ltr'><strong>ut</strong></span> <span class='ocrx_word' id='word_1_30' title='bbox 1959 1262 2033 1328; x_wconf 88' lang='lat' dir='ltr'><strong>in</strong></span> <span class='ocrx_word' id='word_1_31' title='bbox 2063 1262 2245 1327; x_wconf 85' lang='lat' dir='ltr'><strong>dicta</strong></span> <span class='ocrx_word' id='word_1_32' title='bbox 2273 1260 2720 1348; x_wconf 74' lang='lat' dir='ltr'><strong>propositione</strong></span> <span class='ocrx_word' id='word_1_33' title='bbox 2748 1281 2866 1345; x_wconf 85' lang='lat' dir='ltr'><strong>per</strong></span> 
     </span>
     <span class='ocr_line' id='line_1_5' title="bbox 754 1353 2860 1449; baseline -0 -23"><span class='ocrx_word' id='word_1_34' title='bbox 754 1368 793 1398; x_wconf 87' lang='lat'><strong>“</strong></span> <span class='ocrx_word' id='word_1_35' title='bbox 838 1367 1093 1449; x_wconf 88' lang='lat' dir='ltr'><strong>partem</strong></span> <span class='ocrx_word' id='word_1_36' title='bbox 1141 1362 1303 1428; x_wconf 88' lang='lat' dir='ltr'><strong>dicti</strong></span> <span class='ocrx_word' id='word_1_37' title='bbox 1349 1353 1620 1428; x_wconf 74' lang='lat' dir='ltr'><strong>Demini</strong></span> <span class='ocrx_word' id='word_1_38' title='bbox 1667 1363 2004 1441; x_wconf 86' lang='lat' dir='ltr'><strong>Willeltni,</strong></span> <span class='ocrx_word' id='word_1_39' title='bbox 2050 1362 2369 1441; x_wconf 81' lang='lat' dir='ltr'><strong>Rectoris,</strong></span> <span class='ocrx_word' id='word_1_40' title='bbox 2409 1358 2519 1427; x_wconf 69' lang='lat' dir='ltr'><strong>&#39;est</strong></span> <span class='ocrx_word' id='word_1_41' title='bbox 2563 1361 2860 1448; x_wconf 90' lang='lat' dir='ltr'><strong>petitum.</strong></span> 
     </span>
     <span class='ocr_line' id='line_1_6' title="bbox 756 1463 2863 1552; baseline -0.001 -22"><span class='ocrx_word' id='word_1_42' title='bbox 756 1473 791 1499; x_wconf 92' lang='lat'><strong>“</strong></span> <span class='ocrx_word' id='word_1_43' title='bbox 837 1464 968 1530; x_wconf 85' lang='lat' dir='ltr'><strong>Sed</strong></span> <span class='ocrx_word' id='word_1_44' title='bbox 1032 1469 1134 1530; x_wconf 88' lang='lat' dir='ltr'><strong>est</strong></span> <span class='ocrx_word' id='word_1_45' title='bbox 1200 1465 1273 1529; x_wconf 90' lang='lat' dir='ltr'><strong>in</strong></span> <span class='ocrx_word' id='word_1_46' title='bbox 1341 1463 1648 1531; x_wconf 90' lang='lat' dir='ltr'><strong>omnibus</strong></span> <span class='ocrx_word' id='word_1_47' title='bbox 1713 1471 1788 1531; x_wconf 87' lang='lat' dir='ltr'><strong>et</strong></span> <span class='ocrx_word' id='word_1_48' title='bbox 1847 1487 1966 1552; x_wconf 89' lang='lat' dir='ltr'><strong>per</strong></span> <span class='ocrx_word' id='word_1_49' title='bbox 2011 1465 2234 1531; x_wconf 87' lang='lat' dir='ltr'><strong>omnia</strong></span> <span class='ocrx_word' id='word_1_50' title='bbox 2278 1464 2863 1551; x_wconf 87' lang='lat' dir='ltr'><strong>pronunciandum,</strong></span> 
     </span>
     <span class='ocr_line' id='line_1_7' title="bbox 760 1566 2863 1649; baseline 0 -18"><span class='ocrx_word' id='word_1_51' title='bbox 760 1574 796 1601; x_wconf 88' lang='lat'><strong>“</strong></span> <span class='ocrx_word' id='word_1_52' title='bbox 840 1566 1337 1645; x_wconf 88' lang='lat' dir='ltr'><strong>decernendum,</strong></span> <span class='ocrx_word' id='word_1_53' title='bbox 1369 1570 1438 1633; x_wconf 88' lang='lat' dir='ltr'><strong>et</strong></span> <span class='ocrx_word' id='word_1_54' title='bbox 1468 1567 1863 1649; x_wconf 85' lang='lat' dir='ltr'><strong>faciendum,</strong></span> <span class='ocrx_word' id='word_1_55' title='bbox 1894 1574 1975 1635; x_wconf 89' lang='lat' dir='ltr'><strong>ut</strong></span> <span class='ocrx_word' id='word_1_56' title='bbox 2018 1567 2086 1632; x_wconf 92' lang='lat' dir='ltr'><strong>in</strong></span> <span class='ocrx_word' id='word_1_57' title='bbox 2123 1568 2306 1633; x_wconf 89' lang='lat' dir='ltr'><strong>dicto</strong></span> <span class='ocrx_word' id='word_1_58' title='bbox 2350 1566 2599 1647; x_wconf 81' lang='lat' dir='ltr'><strong>libello,</strong></span> <span class='ocrx_word' id='word_1_59' title='bbox 2629 1566 2699 1631; x_wconf 90' lang='lat' dir='ltr'><strong>in</strong></span> <span class='ocrx_word' id='word_1_60' title='bbox 2731 1566 2863 1631; x_wconf 87' lang='lat' dir='ltr'><strong>dic-</strong></span> 
     </span>
     <span class='ocr_line' id='line_1_8' title="bbox 760 1668 2865 1757; baseline -0.001 -23"><span class='ocrx_word' id='word_1_61' title='bbox 760 1676 795 1703; x_wconf 89' lang='lat'><strong>“</strong></span> <span class='ocrx_word' id='word_1_62' title='bbox 842 1668 931 1734; x_wconf 86' lang='lat' dir='ltr'><strong>tis</strong></span> <span class='ocrx_word' id='word_1_63' title='bbox 978 1690 1170 1736; x_wconf 84' lang='lat' dir='ltr'><strong>causa</strong></span> <span class='ocrx_word' id='word_1_64' title='bbox 1239 1673 1309 1734; x_wconf 92' lang='lat' dir='ltr'><strong>et</strong></span> <span class='ocrx_word' id='word_1_65' title='bbox 1356 1668 1562 1735; x_wconf 84' lang='lat' dir='ltr'><strong>Curia</strong></span> <span class='ocrx_word' id='word_1_66' title='bbox 1604 1692 1723 1757; x_wconf 91' lang='lat' dir='ltr'><strong>per</strong></span> <span class='ocrx_word' id='word_1_67' title='bbox 1769 1674 2024 1756; x_wconf 86' lang='lat' dir='ltr'><strong>partem</strong></span> <span class='ocrx_word' id='word_1_68' title='bbox 2074 1669 2404 1735; x_wconf 86' lang='lat' dir='ltr'><strong>dictorum</strong></span> <span class='ocrx_word' id='word_1_69' title='bbox 2449 1668 2739 1734; x_wconf 86' lang='lat' dir='ltr'><strong>Abbatis</strong></span> <span class='ocrx_word' id='word_1_70' title='bbox 2798 1671 2865 1732; x_wconf 88' lang='lat' dir='ltr'><strong>et</strong></span> 
     </span>
     <span class='ocr_line' id='line_1_9' title="bbox 760 1768 2864 1859; baseline -0.001 -23"><span class='ocrx_word' id='word_1_71' title='bbox 760 1776 796 1805; x_wconf 90' lang='lat'><strong><em>“</em></strong></span> <span class='ocrx_word' id='word_1_72' title='bbox 844 1768 1233 1837; x_wconf 83' lang='lat' dir='ltr'><strong>Conventus</strong></span> <span class='ocrx_word' id='word_1_73' title='bbox 1275 1772 1635 1859; x_wconf 85' lang='lat' dir='ltr'><strong>preposite,</strong></span> <span class='ocrx_word' id='word_1_74' title='bbox 1680 1776 1787 1838; x_wconf 88' lang='lat' dir='ltr'><strong>est</strong></span> <span class='ocrx_word' id='word_1_75' title='bbox 1839 1772 2147 1859; x_wconf 88' lang='lat' dir='ltr'><strong>petitum,</strong></span> <span class='ocrx_word' id='word_1_76' title='bbox 2193 1771 2376 1837; x_wconf 83' lang='lat' dir='ltr'><strong>dicta</strong></span> <span class='ocrx_word' id='word_1_77' title='bbox 2419 1770 2864 1858; x_wconf 79' lang='lat' dir='ltr'><strong>propositione</strong></span> 
     </span>
     <span class='ocr_line' id='line_1_10' title="bbox 760 1871 2865 1960; baseline -0 -24"><span class='ocrx_word' id='word_1_78' title='bbox 760 1878 798 1908; x_wconf 89' lang='lat'><strong><em>“</em></strong></span> <span class='ocrx_word' id='word_1_79' title='bbox 840 1872 915 1937; x_wconf 90' lang='lat' dir='ltr'><strong>in</strong></span> <span class='ocrx_word' id='word_1_80' title='bbox 958 1872 1180 1959; x_wconf 85' lang='lat' dir='ltr'><strong>aliquo</strong></span> <span class='ocrx_word' id='word_1_81' title='bbox 1223 1894 1361 1940; x_wconf 85' lang='lat' dir='ltr'><strong>non</strong></span> <span class='ocrx_word' id='word_1_82' title='bbox 1408 1873 1733 1940; x_wconf 87' lang='lat' dir='ltr'><strong>obstante.</strong></span> <span class='ocrx_word' id='word_1_83' title='bbox 1828 1872 2178 1940; x_wconf 81' lang='lat' dir='ltr'><strong>Praemissa</strong></span> <span class='ocrx_word' id='word_1_84' title='bbox 2220 1873 2548 1960; x_wconf 89' lang='lat' dir='ltr'><strong>proponit,</strong></span> <span class='ocrx_word' id='word_1_85' title='bbox 2601 1875 2674 1937; x_wconf 89' lang='lat' dir='ltr'><strong>et</strong></span> <span class='ocrx_word' id='word_1_86' title='bbox 2716 1871 2865 1938; x_wconf 86' lang='lat' dir='ltr'><strong>fieri</strong></span> 
     </span>
     <span class='ocr_line' id='line_1_11' title="bbox 760 1973 2865 2061; baseline -0 -22"><span class='ocrx_word' id='word_1_87' title='bbox 760 1980 795 2010; x_wconf 78' lang='lat'><strong>‘⁸</strong></span> <span class='ocrx_word' id='word_1_88' title='bbox 841 1973 1030 2060; x_wconf 88' lang='lat' dir='ltr'><strong>petit,</strong></span> <span class='ocrx_word' id='word_1_89' title='bbox 1076 1996 1228 2061; x_wconf 89' lang='lat' dir='ltr'><strong>pars</strong></span> <span class='ocrx_word' id='word_1_90' title='bbox 1273 1976 1629 2042; x_wconf 88' lang='lat' dir='ltr'><strong>eorundem</strong></span> <span class='ocrx_word' id='word_1_91' title='bbox 1670 1974 1961 2042; x_wconf 82' lang='lat' dir='ltr'><strong>Abbatis</strong></span> <span class='ocrx_word' id='word_1_92' title='bbox 2006 1980 2076 2041; x_wconf 90' lang='lat' dir='ltr'><strong>et</strong></span> <span class='ocrx_word' id='word_1_93' title='bbox 2124 1975 2508 2043; x_wconf 81' lang='lat' dir='ltr'><strong>Conventus</strong></span> <span class='ocrx_word' id='word_1_94' title='bbox 2551 1973 2865 2060; x_wconf 89' lang='lat' dir='ltr'><strong>conjunc-</strong></span> 
     </span>
     <span class='ocr_line' id='line_1_12' title="bbox 758 2076 2864 2162; baseline -0 -21"><span class='ocrx_word' id='word_1_95' title='bbox 758 2082 796 2112; x_wconf 92' lang='lat'><strong><em>“</em></strong></span> <span class='ocrx_word' id='word_1_96' title='bbox 842 2076 967 2141; x_wconf 90' lang='lat' dir='ltr'><strong>tim</strong></span> <span class='ocrx_word' id='word_1_97' title='bbox 1032 2081 1102 2142; x_wconf 88' lang='lat' dir='ltr'><strong>et</strong></span> <span class='ocrx_word' id='word_1_98' title='bbox 1145 2077 1434 2157; x_wconf 77' lang='lat' dir='ltr'><strong>divisim,</strong></span> <span class='ocrx_word' id='word_1_99' title='bbox 1472 2077 1646 2162; x_wconf 87' lang='lat' dir='ltr'><strong>juris</strong></span> <span class='ocrx_word' id='word_1_100' title='bbox 1714 2076 2032 2144; x_wconf 88' lang='lat' dir='ltr'><strong>beneficio</strong></span> <span class='ocrx_word' id='word_1_101' title='bbox 2097 2077 2171 2142; x_wconf 88' lang='lat' dir='ltr'><strong>in</strong></span> <span class='ocrx_word' id='word_1_102' title='bbox 2237 2076 2545 2142; x_wconf 90' lang='lat' dir='ltr'><strong>omnibus</strong></span> <span class='ocrx_word' id='word_1_103' title='bbox 2606 2096 2864 2162; x_wconf 82' lang='lat' dir='ltr'><strong>semper</strong></span> 
     </span>
     <span class='ocr_line' id='line_1_13' title="bbox 761 2178 1040 2244; baseline -0.004 0"><span class='ocrx_word' id='word_1_104' title='bbox 761 2185 795 2212; x_wconf 90' lang='lat'><em>“</em></span> <span class='ocrx_word' id='word_1_105' title='bbox 838 2178 1040 2244; x_wconf 85' lang='lat' dir='ltr'><strong>salvo.</strong></span> 
     </span>
     <span class='ocr_line' id='line_1_14' title="bbox 851 2278 2864 2367; baseline 0 -23"><span class='ocrx_word' id='word_1_106' title='bbox 851 2285 888 2315; x_wconf 89' lang='lat'><em>“</em></span> <span class='ocrx_word' id='word_1_107' title='bbox 916 2278 965 2344; x_wconf 86' lang='lat' dir='ltr'><strong>J</strong></span> <span class='ocrx_word' id='word_1_108' title='bbox 967 2280 1305 2367; x_wconf 87' lang='lat' dir='ltr'><strong>uratisque</strong></span> <span class='ocrx_word' id='word_1_109' title='bbox 1372 2280 1570 2348; x_wconf 90' lang='lat' dir='ltr'><strong>dictis</strong></span> <span class='ocrx_word' id='word_1_110' title='bbox 1632 2280 2170 2367; x_wconf 73' lang='lat' dir='ltr'><strong>procuratoribus</strong></span> <span class='ocrx_word' id='word_1_111' title='bbox 2221 2280 2377 2346; x_wconf 88' lang='lat' dir='ltr'><strong>hinc</strong></span> <span class='ocrx_word' id='word_1_112' title='bbox 2435 2279 2593 2347; x_wconf 89' lang='lat' dir='ltr'><strong>inde</strong></span> <span class='ocrx_word' id='word_1_113' title='bbox 2649 2301 2864 2346; x_wconf 86' lang='lat' dir='ltr'><strong>coram</strong></span> 
     </span>
     <span class='ocr_line' id='line_1_15' title="bbox 765 2380 2867 2469; baseline 0 -23"><span class='ocrx_word' id='word_1_114' title='bbox 765 2386 801 2416; x_wconf 87' lang='lat'><strong>“</strong></span> <span class='ocrx_word' id='word_1_115' title='bbox 846 2380 1027 2447; x_wconf 86' lang='lat' dir='ltr'><strong>dicto</strong></span> <span class='ocrx_word' id='word_1_116' title='bbox 1099 2382 1420 2469; x_wconf 83' lang='lat' dir='ltr'><strong>Magistro</strong></span> <span class='ocrx_word' id='word_1_117' title='bbox 1483 2383 1532 2449; x_wconf 86' lang='lat' dir='ltr'><strong>J</strong></span> <span class='ocrx_word' id='word_1_118' title='bbox 1535 2381 1795 2450; x_wconf 90' lang='lat' dir='ltr'><strong>ohanne</strong></span> <span class='ocrx_word' id='word_1_119' title='bbox 1842 2383 2191 2463; x_wconf 88' lang='lat' dir='ltr'><strong>Herebert,</strong></span> <span class='ocrx_word' id='word_1_120' title='bbox 2240 2382 2725 2462; x_wconf 77' lang='lat' dir='ltr'><strong>CommissariO,</strong></span> <span class='ocrx_word' id='word_1_121' title='bbox 2785 2380 2867 2446; x_wconf 89' lang='lat' dir='ltr'><strong>de</strong></span> 
     </span>
     <span class='ocr_line' id='line_1_16' title="bbox 763 2478 2866 2573; baseline 0 -24"><span class='ocrx_word' id='word_1_122' title='bbox 763 2489 801 2519; x_wconf 89' lang='lat'><strong>“</strong></span> <span class='ocrx_word' id='word_1_123' title='bbox 845 2481 1229 2564; x_wconf 88' lang='lat' dir='ltr'><strong>1calumnia,</strong></span> <span class='ocrx_word' id='word_1_124' title='bbox 1255 2507 1403 2552; x_wconf 89' lang='lat' dir='ltr'><strong>cum</strong></span> <span class='ocrx_word' id='word_1_125' title='bbox 1435 2486 1745 2552; x_wconf 89' lang='lat' dir='ltr'><strong>omnibus</strong></span> <span class='ocrx_word' id='word_1_126' title='bbox 1776 2484 2086 2573; x_wconf 90' lang='lat' dir='ltr'><strong>capitulis</strong></span> <span class='ocrx_word' id='word_1_127' title='bbox 2105 2478 2491 2572; x_wconf 84' lang='lat' dir='ltr'><strong>juramento</strong></span> <span class='ocrx_word' id='word_1_128' title='bbox 2520 2483 2866 2550; x_wconf 82' lang='lat' dir='ltr'><strong>calumniae</strong></span> 
     </span>
     <span class='ocr_line' id='line_1_17' title="bbox 759 2586 2870 2674; baseline 0.001 -23"><span class='ocrx_word' id='word_1_129' title='bbox 759 2592 797 2621; x_wconf 86' lang='lat'>“</span> <span class='ocrx_word' id='word_1_130' title='bbox 841 2587 1190 2666; x_wconf 85' lang='lat' dir='ltr'><strong>contentis,</strong></span> <span class='ocrx_word' id='word_1_131' title='bbox 1261 2587 1568 2674; x_wconf 88' lang='lat' dir='ltr'><strong>dictaque</strong></span> <span class='ocrx_word' id='word_1_132' title='bbox 1642 2588 1925 2654; x_wconf 87' lang='lat' dir='ltr'><strong>materia</strong></span> <span class='ocrx_word' id='word_1_133' title='bbox 1997 2586 2418 2674; x_wconf 86' lang='lat' dir='ltr'><strong>replicatoria</strong></span> <span class='ocrx_word' id='word_1_134' title='bbox 2491 2586 2616 2653; x_wconf 87' lang='lat' dir='ltr'><strong>sub</strong></span> <span class='ocrx_word' id='word_1_135' title='bbox 2691 2591 2870 2653; x_wconf 65' lang='lat' dir='ltr'><strong>certa</strong></span> 
     </span>
     <span class='ocr_line' id='line_1_18' title="bbox 762 2687 2871 2778; baseline 0.001 -27"><span class='ocrx_word' id='word_1_136' title='bbox 762 2693 797 2724; x_wconf 88' lang='lat'><strong>“</strong></span> <span class='ocrx_word' id='word_1_137' title='bbox 840 2687 1055 2753; x_wconf 84' lang='lat' dir='ltr'><strong>forma</strong></span> <span class='ocrx_word' id='word_1_138' title='bbox 1100 2689 1181 2753; x_wconf 90' lang='lat' dir='ltr'><strong>de</strong></span> <span class='ocrx_word' id='word_1_139' title='bbox 1224 2710 1546 2756; x_wconf 89' lang='lat' dir='ltr'><strong>consensu</strong></span> <span class='ocrx_word' id='word_1_140' title='bbox 1591 2690 1885 2777; x_wconf 88' lang='lat' dir='ltr'><strong>partium</strong></span> <span class='ocrx_word' id='word_1_141' title='bbox 1944 2712 2062 2778; x_wconf 89' lang='lat' dir='ltr'><strong>per</strong></span> <span class='ocrx_word' id='word_1_142' title='bbox 2119 2711 2238 2755; x_wconf 87' lang='lat' dir='ltr'><strong>nos</strong></span> <span class='ocrx_word' id='word_1_143' title='bbox 2283 2689 2588 2770; x_wconf 85' lang='lat' dir='ltr'><strong>admissa,</strong></span> <span class='ocrx_word' id='word_1_144' title='bbox 2635 2710 2871 2776; x_wconf 89' lang='lat' dir='ltr'><strong>propo-</strong></span> 
     </span>
     <span class='ocr_line' id='line_1_19' title="bbox 631 2789 2869 2880; baseline 0.001 -26"><span class='ocrx_word' id='word_1_145' title='bbox 631 2823 640 2831; x_wconf 91' lang='lat'><strong>·</strong></span> <span class='ocrx_word' id='word_1_146' title='bbox 762 2798 794 2825; x_wconf 90' lang='lat'>“</span> <span class='ocrx_word' id='word_1_147' title='bbox 839 2789 1115 2877; x_wconf 85' lang='lat' dir='ltr'><strong>sitisque</strong></span> <span class='ocrx_word' id='word_1_148' title='bbox 1158 2811 1377 2857; x_wconf 87' lang='lat' dir='ltr'><strong>coram</strong></span> <span class='ocrx_word' id='word_1_149' title='bbox 1408 2791 1599 2859; x_wconf 87' lang='lat' dir='ltr'><strong>nobis</strong></span> <span class='ocrx_word' id='word_1_150' title='bbox 1630 2814 1750 2879; x_wconf 90' lang='lat' dir='ltr'><strong>per</strong></span> <span class='ocrx_word' id='word_1_151' title='bbox 1781 2793 1992 2860; x_wconf 85' lang='lat' dir='ltr'><strong>dictos</strong></span> <span class='ocrx_word' id='word_1_152' title='bbox 2035 2798 2487 2880; x_wconf 81' lang='lat' dir='ltr'><strong>procuratores</strong></span> <span class='ocrx_word' id='word_1_153' title='bbox 2531 2792 2685 2858; x_wconf 91' lang='lat' dir='ltr'><strong>hinc</strong></span> <span class='ocrx_word' id='word_1_154' title='bbox 2714 2791 2869 2856; x_wconf 89' lang='lat' dir='ltr'><strong>inde</strong></span> 
     </span>
     <span class='ocr_line' id='line_1_20' title="bbox 763 2892 2868 2982; baseline 0.001 -25"><span class='ocrx_word' id='word_1_155' title='bbox 763 2901 795 2927; x_wconf 88' lang='lat'><strong>“</strong></span> <span class='ocrx_word' id='word_1_156' title='bbox 840 2892 1237 2979; x_wconf 85' lang='lat' dir='ltr'><strong>quibusdam</strong></span> <span class='ocrx_word' id='word_1_157' title='bbox 1282 2894 1726 2981; x_wconf 87' lang='lat' dir='ltr'><strong>positionibus</strong></span> <span class='ocrx_word' id='word_1_158' title='bbox 1787 2898 1858 2963; x_wconf 83' lang='lat' dir='ltr'><strong>et</strong></span> <span class='ocrx_word' id='word_1_159' title='bbox 1916 2896 2232 2976; x_wconf 81' lang='lat' dir='ltr'><strong>articulis,</strong></span> <span class='ocrx_word' id='word_1_160' title='bbox 2278 2895 2450 2982; x_wconf 86' lang='lat' dir='ltr'><strong>ipsos</strong></span> <span class='ocrx_word' id='word_1_161' title='bbox 2510 2894 2868 2981; x_wconf 82' lang='lat' dir='ltr'><strong>positiones</strong></span> 
     </span>
     <span class='ocr_line' id='line_1_21' title="bbox 762 2995 2864 3085; baseline 0 -24"><span class='ocrx_word' id='word_1_162' title='bbox 762 3001 799 3032; x_wconf 89' lang='lat'><strong>“</strong></span> <span class='ocrx_word' id='word_1_163' title='bbox 844 3002 915 3061; x_wconf 87' lang='lat' dir='ltr'><strong>et</strong></span> <span class='ocrx_word' id='word_1_164' title='bbox 978 2996 1291 3062; x_wconf 80' lang='lat' dir='ltr'><strong>articulos</strong></span> <span class='ocrx_word' id='word_1_165' title='bbox 1349 3018 1467 3084; x_wconf 84' lang='lat' dir='ltr'><strong>per</strong></span> <span class='ocrx_word' id='word_1_166' title='bbox 1527 2997 1784 3063; x_wconf 90' lang='lat' dir='ltr'><strong>dictum</strong></span> <span class='ocrx_word' id='word_1_167' title='bbox 1846 2997 2242 3085; x_wconf 79' lang='lat' dir='ltr'><strong>Magistrum</strong></span> <span class='ocrx_word' id='word_1_168' title='bbox 2298 2997 2345 3064; x_wconf 88' lang='lat' dir='ltr'><strong>J</strong></span> <span class='ocrx_word' id='word_1_169' title='bbox 2348 2997 2623 3063; x_wconf 89' lang='lat' dir='ltr'><strong>acobum</strong></span> <span class='ocrx_word' id='word_1_170' title='bbox 2685 2995 2864 3076; x_wconf 82' lang='lat' dir='ltr'><strong>Cole,</strong></span> 
     </span>
     <span class='ocr_line' id='line_1_22' title="bbox 764 3098 2865 3187; baseline 0 -24"><span class='ocrx_word' id='word_1_171' title='bbox 764 3104 803 3137; x_wconf 86' lang='lat'><strong><em>“</em></strong></span> <span class='ocrx_word' id='word_1_172' title='bbox 846 3105 1333 3185; x_wconf 90' lang='lat' dir='ltr'><strong>procuratorem</strong></span> <span class='ocrx_word' id='word_1_173' title='bbox 1383 3098 1795 3186; x_wconf 75' lang='lat' dir='ltr'><strong>praedictum,</strong></span> <span class='ocrx_word' id='word_1_174' title='bbox 1848 3104 1927 3166; x_wconf 86' lang='lat' dir='ltr'><strong>ut</strong></span> <span class='ocrx_word' id='word_1_175' title='bbox 1976 3099 2429 3187; x_wconf 77' lang='lat' dir='ltr'><strong>praemittitur,</strong></span> <span class='ocrx_word' id='word_1_176' title='bbox 2478 3099 2865 3187; x_wconf 87' lang='lat' dir='ltr'><strong>propositos,</strong></span> 
     </span>
     <span class='ocr_line' id='line_1_23' title="bbox 762 3199 2871 3289; baseline 0.001 -23"><span class='ocrx_word' id='word_1_177' title='bbox 762 3206 803 3236; x_wconf 86' lang='lat'><strong>“</strong></span> <span class='ocrx_word' id='word_1_178' title='bbox 846 3206 1164 3286; x_wconf 82' lang='lat' dir='ltr'><strong>tanquam</strong></span> <span class='ocrx_word' id='word_1_179' title='bbox 1213 3199 1499 3268; x_wconf 87' lang='lat' dir='ltr'><strong>fideliter</strong></span> <span class='ocrx_word' id='word_1_180' title='bbox 1545 3224 1587 3267; x_wconf 88' lang='lat' dir='ltr'><strong>a</strong></span> <span class='ocrx_word' id='word_1_181' title='bbox 1632 3202 1814 3269; x_wconf 84' lang='lat' dir='ltr'><strong>dicto</strong></span> <span class='ocrx_word' id='word_1_182' title='bbox 1867 3201 2091 3269; x_wconf 90' lang='lat' dir='ltr'><strong>libello</strong></span> <span class='ocrx_word' id='word_1_183' title='bbox 2145 3208 2219 3269; x_wconf 87' lang='lat' dir='ltr'><strong>et</strong></span> <span class='ocrx_word' id='word_1_184' title='bbox 2268 3201 2696 3289; x_wconf 80' lang='lat' dir='ltr'><strong>replicatione</strong></span> <span class='ocrx_word' id='word_1_185' title='bbox 2757 3222 2871 3268; x_wconf 82' lang='lat' dir='ltr'><strong>ex-</strong></span> 
     </span>
     <span class='ocr_line' id='line_1_24' title="bbox 763 3301 2868 3393; baseline 0 -25"><span class='ocrx_word' id='word_1_186' title='bbox 763 3307 798 3336; x_wconf 92' lang='lat'><strong>“</strong></span> <span class='ocrx_word' id='word_1_187' title='bbox 846 3307 1110 3382; x_wconf 89' lang='lat' dir='ltr'><strong>tractos,</strong></span> <span class='ocrx_word' id='word_1_188' title='bbox 1142 3306 1215 3369; x_wconf 88' lang='lat' dir='ltr'><strong>et</strong></span> <span class='ocrx_word' id='word_1_189' title='bbox 1258 3323 1375 3389; x_wconf 83' lang='lat' dir='ltr'><strong>per</strong></span> <span class='ocrx_word' id='word_1_190' title='bbox 1417 3301 1772 3390; x_wconf 77' lang='lat' dir='ltr'><strong>praefatum</strong></span> <span class='ocrx_word' id='word_1_191' title='bbox 1821 3303 2218 3393; x_wconf 81' lang='lat' dir='ltr'><strong>Magistrum</strong></span> <span class='ocrx_word' id='word_1_192' title='bbox 2247 3304 2293 3370; x_wconf 84' lang='lat' dir='ltr'><strong>J</strong></span> <span class='ocrx_word' id='word_1_193' title='bbox 2296 3303 2628 3371; x_wconf 84' lang='lat' dir='ltr'><strong>ohannem</strong></span> <span class='ocrx_word' id='word_1_194' title='bbox 2659 3302 2868 3389; x_wconf 81' lang='lat' dir='ltr'><strong>Wyb-</strong></span> 
     </span>
     <span class='ocr_line' id='line_1_25' title="bbox 762 3403 2868 3494; baseline 0 -23"><span class='ocrx_word' id='word_1_195' title='bbox 762 3409 796 3439; x_wconf 90' lang='lat'><strong>“</strong></span> <span class='ocrx_word' id='word_1_196' title='bbox 843 3403 1027 3492; x_wconf 85' lang='lat' dir='ltr'><strong>bery,</strong></span> <span class='ocrx_word' id='word_1_197' title='bbox 1084 3410 1575 3492; x_wconf 87' lang='lat' dir='ltr'><strong>procuratorem</strong></span> <span class='ocrx_word' id='word_1_198' title='bbox 1626 3427 1713 3472; x_wconf 82' lang='lat' dir='ltr'><strong>ex</strong></span> <span class='ocrx_word' id='word_1_199' title='bbox 1764 3406 2044 3473; x_wconf 85' lang='lat' dir='ltr'><strong>adverso</strong></span> <span class='ocrx_word' id='word_1_200' title='bbox 2106 3405 2582 3494; x_wconf 87' lang='lat' dir='ltr'><strong>supradictum,</strong></span> <span class='ocrx_word' id='word_1_201' title='bbox 2640 3427 2868 3493; x_wconf 88' lang='lat' dir='ltr'><strong>propo-</strong></span> 
     </span>
     <span class='ocr_line' id='line_1_26' title="bbox 763 3504 2869 3597; baseline 0.001 -26"><span class='ocrx_word' id='word_1_202' title='bbox 763 3512 800 3542; x_wconf 90' lang='lat'><strong>“</strong></span> <span class='ocrx_word' id='word_1_203' title='bbox 845 3506 1028 3587; x_wconf 90' lang='lat' dir='ltr'><strong>sitos,</strong></span> <span class='ocrx_word' id='word_1_204' title='bbox 1062 3504 1229 3572; x_wconf 79' lang='lat' dir='ltr'><strong>²sub</strong></span> <span class='ocrx_word' id='word_1_205' title='bbox 1262 3513 1444 3573; x_wconf 88' lang='lat' dir='ltr'><strong>certa</strong></span> <span class='ocrx_word' id='word_1_206' title='bbox 1489 3508 1705 3574; x_wconf 88' lang='lat' dir='ltr'><strong>forma</strong></span> <span class='ocrx_word' id='word_1_207' title='bbox 1756 3507 2186 3586; x_wconf 79' lang='lat' dir='ltr'><strong>admisimus3</strong></span> <span class='ocrx_word' id='word_1_208' title='bbox 2237 3509 2724 3597; x_wconf 83' lang='lat' dir='ltr'><strong>assignatisque</strong></span> <span class='ocrx_word' id='word_1_209' title='bbox 2752 3529 2869 3595; x_wconf 86' lang='lat' dir='ltr'><strong>per</strong></span> 
     </span>
     <span class='ocr_line' id='line_1_27' title="bbox 760 3607 2866 3699; baseline 0.001 -26"><span class='ocrx_word' id='word_1_210' title='bbox 760 3615 791 3644; x_wconf 78' lang='lat'><strong>‘⁶</strong></span> <span class='ocrx_word' id='word_1_211' title='bbox 841 3628 962 3674; x_wconf 89' lang='lat' dir='ltr'><strong>nos</strong></span> <span class='ocrx_word' id='word_1_212' title='bbox 1010 3607 1546 3695; x_wconf 85' lang='lat' dir='ltr'><strong>procuratoribus</strong></span> <span class='ocrx_word' id='word_1_213' title='bbox 1595 3609 1951 3676; x_wconf 87' lang='lat' dir='ltr'><strong>antedictis</strong></span> <span class='ocrx_word' id='word_1_214' title='bbox 2010 3611 2207 3678; x_wconf 89' lang='lat' dir='ltr'><strong>certis</strong></span> <span class='ocrx_word' id='word_1_215' title='bbox 2254 3610 2692 3699; x_wconf 88' lang='lat' dir='ltr'><strong>productoriis</strong></span> <span class='ocrx_word' id='word_1_216' title='bbox 2735 3615 2866 3676; x_wconf 83' lang='lat' dir='ltr'><strong>ter-</strong></span> 
     </span>
     <span class='ocr_line' id='line_1_28' title="bbox 762 3708 2868 3800; baseline 0.002 -27"><span class='ocrx_word' id='word_1_217' title='bbox 762 3713 799 3743; x_wconf 87' lang='lat'><strong>“</strong></span> <span class='ocrx_word' id='word_1_218' title='bbox 844 3708 1044 3774; x_wconf 88' lang='lat' dir='ltr'><strong>minis</strong></span> <span class='ocrx_word' id='word_1_219' title='bbox 1091 3711 1636 3796; x_wconf 88' lang='lat' dir='ltr'><strong>competentibus,</strong></span> <span class='ocrx_word' id='word_1_220' title='bbox 1679 3713 2150 3800; x_wconf 88' lang='lat' dir='ltr'><strong>nonnullisque</strong></span> <span class='ocrx_word' id='word_1_221' title='bbox 2198 3713 2483 3780; x_wconf 89' lang='lat' dir='ltr'><strong>testibus</strong></span> <span class='ocrx_word' id='word_1_222' title='bbox 2511 3735 2628 3800; x_wconf 88' lang='lat' dir='ltr'><strong>per</strong></span> <span class='ocrx_word' id='word_1_223' title='bbox 2657 3711 2868 3778; x_wconf 88' lang='lat' dir='ltr'><strong>dictos</strong></span> 
     </span>
     <span class='ocr_line' id='line_1_29' title="bbox 764 3811 2868 3904; baseline 0.002 -28"><span class='ocrx_word' id='word_1_224' title='bbox 764 3818 798 3845; x_wconf 87' lang='lat'><strong>“</strong></span> <span class='ocrx_word' id='word_1_225' title='bbox 842 3816 1296 3897; x_wconf 84' lang='lat' dir='ltr'><strong>procuratores</strong></span> <span class='ocrx_word' id='word_1_226' title='bbox 1340 3811 1499 3879; x_wconf 91' lang='lat' dir='ltr'><strong>hinc</strong></span> <span class='ocrx_word' id='word_1_227' title='bbox 1540 3812 1699 3881; x_wconf 90' lang='lat' dir='ltr'><strong>inde</strong></span> <span class='ocrx_word' id='word_1_228' title='bbox 1753 3815 2093 3904; x_wconf 88' lang='lat' dir='ltr'><strong>productis</strong></span> <span class='ocrx_word' id='word_1_229' title='bbox 2122 3840 2142 3897; x_wconf 87' lang='lat'>;</span> <span class='ocrx_word' id='word_1_230' title='bbox 2192 3815 2435 3902; x_wconf 85' lang='lat' dir='ltr'><strong>quibus</strong></span> <span class='ocrx_word' id='word_1_231' title='bbox 2465 3814 2769 3881; x_wconf 86' lang='lat' dir='ltr'><strong>admissis</strong></span> <span class='ocrx_word' id='word_1_232' title='bbox 2797 3819 2868 3881; x_wconf 87' lang='lat' dir='ltr'><strong>et</strong></span> 
     </span>
     <span class='ocr_line' id='line_1_30' title="bbox 765 3911 2867 4004; baseline 0.002 -27"><span class='ocrx_word' id='word_1_233' title='bbox 765 3918 800 3948; x_wconf 91' lang='lat'><strong>“</strong></span> <span class='ocrx_word' id='word_1_234' title='bbox 846 3913 918 3978; x_wconf 90' lang='lat' dir='ltr'><strong>in</strong></span> <span class='ocrx_word' id='word_1_235' title='bbox 973 3913 1185 3979; x_wconf 88' lang='lat' dir='ltr'><strong>forma</strong></span> <span class='ocrx_word' id='word_1_236' title='bbox 1224 3911 1668 3999; x_wconf 79' lang='lat' dir='ltr'><strong>jurandomm</strong></span> <span class='ocrx_word' id='word_1_237' title='bbox 1716 3918 1995 3984; x_wconf 87' lang='lat' dir='ltr'><strong>testium</strong></span> <span class='ocrx_word' id='word_1_238' title='bbox 2040 3917 2306 4004; x_wconf 84' lang='lat' dir='ltr'><strong>juratis,</strong></span> <span class='ocrx_word' id='word_1_239' title='bbox 2361 3941 2439 3984; x_wconf 79' lang='lat' dir='ltr'><strong>ac</strong></span> <span class='ocrx_word' id='word_1_240' title='bbox 2492 3921 2739 3986; x_wconf 85' lang='lat' dir='ltr'><strong>secreto</strong></span> <span class='ocrx_word' id='word_1_241' title='bbox 2797 3921 2867 3983; x_wconf 87' lang='lat' dir='ltr'><strong>et</strong></span> 
     </span>
     <span class='ocr_line' id='line_1_31' title="bbox 763 4015 2869 4107; baseline 0.001 -25"><span class='ocrx_word' id='word_1_242' title='bbox 763 4021 799 4051; x_wconf 88' lang='lat'><strong>“</strong></span> <span class='ocrx_word' id='word_1_243' title='bbox 843 4015 1236 4104; x_wconf 79' lang='lat' dir='ltr'><strong>singillatim</strong></span> <span class='ocrx_word' id='word_1_244' title='bbox 1306 4015 1595 4084; x_wconf 89' lang='lat' dir='ltr'><strong>fideliter</strong></span> <span class='ocrx_word' id='word_1_245' title='bbox 1661 4020 2082 4103; x_wconf 83' lang='lat' dir='ltr'><strong>examinatis,</strong></span> <span class='ocrx_word' id='word_1_246' title='bbox 2145 4020 2553 4107; x_wconf 86' lang='lat' dir='ltr'><strong>decretisque</strong></span> <span class='ocrx_word' id='word_1_247' title='bbox 2617 4016 2869 4085; x_wconf 88' lang='lat' dir='ltr'><strong>missio·</strong></span> 
     </span>
     <span class='ocr_line' id='line_1_32' title="bbox 767 4118 2868 4211; baseline 0.001 -28"><span class='ocrx_word' id='word_1_248' title='bbox 767 4124 802 4153; x_wconf 89' lang='lat'><strong>“</strong></span> <span class='ocrx_word' id='word_1_249' title='bbox 847 4118 1046 4184; x_wconf 89' lang='lat' dir='ltr'><strong>nibus</strong></span> <span class='ocrx_word' id='word_1_250' title='bbox 1105 4118 1194 4184; x_wconf 88' lang='lat' dir='ltr'><strong>ad</strong></span> <span class='ocrx_word' id='word_1_251' title='bbox 1247 4125 1470 4206; x_wconf 85' lang='lat' dir='ltr'><strong>partes</strong></span> <span class='ocrx_word' id='word_1_252' title='bbox 1526 4141 1647 4207; x_wconf 89' lang='lat' dir='ltr'><strong>pro</strong></span> <span class='ocrx_word' id='word_1_253' title='bbox 1700 4120 2117 4205; x_wconf 86' lang='lat' dir='ltr'><strong>admissione,</strong></span> <span class='ocrx_word' id='word_1_254' title='bbox 2181 4123 2574 4211; x_wconf 87' lang='lat' dir='ltr'><strong>receptione,</strong></span> <span class='ocrx_word' id='word_1_255' title='bbox 2634 4126 2705 4187; x_wconf 91' lang='lat' dir='ltr'><strong>et</strong></span> <span class='ocrx_word' id='word_1_256' title='bbox 2752 4142 2868 4187; x_wconf 84' lang='lat' dir='ltr'><strong>ex·</strong></span> 
     </span>
     <span class='ocr_line' id='line_1_33' title="bbox 768 4219 2865 4313; baseline 0.003 -28"><span class='ocrx_word' id='word_1_257' title='bbox 768 4227 803 4255; x_wconf 85' lang='lat'><strong>‘⁸</strong></span> <span class='ocrx_word' id='word_1_258' title='bbox 849 4219 1277 4301; x_wconf 87' lang='lat' dir='ltr'><strong>aminatione,</strong></span> <span class='ocrx_word' id='word_1_259' title='bbox 1339 4221 1754 4307; x_wconf 89' lang='lat' dir='ltr'><strong>quorundam</strong></span> <span class='ocrx_word' id='word_1_260' title='bbox 1813 4224 2092 4292; x_wconf 87' lang='lat' dir='ltr'><strong>testium</strong></span> <span class='ocrx_word' id='word_1_261' title='bbox 2152 4226 2459 4313; x_wconf 87' lang='lat' dir='ltr'><strong>partibus</strong></span> <span class='ocrx_word' id='word_1_262' title='bbox 2512 4224 2865 4312; x_wconf 79' lang='lat' dir='ltr'><strong>proedictis,</strong></span> 
     </span>
     <span class='ocr_line' id='line_1_34' title="bbox 770 4322 2871 4414; baseline 0.003 -29"><span class='ocrx_word' id='word_1_263' title='bbox 770 4327 806 4355; x_wconf 88' lang='lat'><strong><em>“</em></strong></span> <span class='ocrx_word' id='word_1_264' title='bbox 852 4327 929 4387; x_wconf 89' lang='lat' dir='ltr'><strong>ut</strong></span> <span class='ocrx_word' id='word_1_265' title='bbox 1011 4322 1444 4405; x_wconf 84' lang='lat' dir='ltr'><strong>asserebatur,</strong></span> <span class='ocrx_word' id='word_1_266' title='bbox 1503 4324 2038 4409; x_wconf 75' lang='lat' dir='ltr'><strong>necessariorum,</strong></span> <span class='ocrx_word' id='word_1_267' title='bbox 2099 4348 2261 4414; x_wconf 87' lang='lat' dir='ltr'><strong>quos</strong></span> <span class='ocrx_word' id='word_1_268' title='bbox 2332 4327 2582 4395; x_wconf 70' lang='lat' dir='ltr'><strong>eaedem</strong></span> <span class='ocrx_word' id='word_1_269' title='bbox 2650 4331 2871 4413; x_wconf 84' lang='lat' dir='ltr'><strong>partes</strong></span> 
     </span>
     <span class='ocr_line' id='line_1_35' title="bbox 766 4423 2868 4517; baseline 0.002 -28"><span class='ocrx_word' id='word_1_270' title='bbox 766 4430 804 4461; x_wconf 88' lang='lat'>“</span> <span class='ocrx_word' id='word_1_271' title='bbox 849 4423 1202 4511; x_wconf 88' lang='lat' dir='ltr'><strong>producere</strong></span> <span class='ocrx_word' id='word_1_272' title='bbox 1248 4424 1626 4509; x_wconf 84' lang='lat' dir='ltr'><strong>voluerunt,</strong></span> <span class='ocrx_word' id='word_1_273' title='bbox 1658 4431 1730 4493; x_wconf 87' lang='lat' dir='ltr'><strong>et</strong></span> <span class='ocrx_word' id='word_1_274' title='bbox 1772 4448 2000 4494; x_wconf 88' lang='lat' dir='ltr'><strong>earum</strong></span> <span class='ocrx_word' id='word_1_275' title='bbox 2050 4435 2332 4517; x_wconf 83' lang='lat' dir='ltr'><strong>utraque</strong></span> <span class='ocrx_word' id='word_1_276' title='bbox 2378 4428 2537 4496; x_wconf 88' lang='lat' dir='ltr'><strong>hinc</strong></span> <span class='ocrx_word' id='word_1_277' title='bbox 2577 4427 2739 4494; x_wconf 90' lang='lat' dir='ltr'><strong>inde</strong></span> <span class='ocrx_word' id='word_1_278' title='bbox 2781 4428 2868 4493; x_wconf 89' lang='lat' dir='ltr'><strong>ad</strong></span> 
     </span>
     <span class='ocr_line' id='line_1_36' title="bbox 768 4526 2870 4619; baseline 0.002 -27"><span class='ocrx_word' id='word_1_279' title='bbox 768 4533 802 4562; x_wconf 90' lang='lat'><strong>“</strong></span> <span class='ocrx_word' id='word_1_280' title='bbox 845 4526 1260 4614; x_wconf 87' lang='lat' dir='ltr'><strong>probandum</strong></span> <span class='ocrx_word' id='word_1_281' title='bbox 1320 4527 1529 4594; x_wconf 88' lang='lat' dir='ltr'><strong>dictas</strong></span> <span class='ocrx_word' id='word_1_282' title='bbox 1592 4528 1955 4616; x_wconf 88' lang='lat' dir='ltr'><strong>positiones</strong></span> <span class='ocrx_word' id='word_1_283' title='bbox 2016 4536 2086 4598; x_wconf 90' lang='lat' dir='ltr'><strong>et</strong></span> <span class='ocrx_word' id='word_1_284' title='bbox 2144 4531 2457 4598; x_wconf 88' lang='lat' dir='ltr'><strong>articulos</strong></span> <span class='ocrx_word' id='word_1_285' title='bbox 2502 4552 2620 4619; x_wconf 90' lang='lat' dir='ltr'><strong>pro</strong></span> <span class='ocrx_word' id='word_1_286' title='bbox 2679 4536 2870 4617; x_wconf 87' lang='lat' dir='ltr'><strong>parte</strong></span> 
     </span>
    </p>
   </div>
   <div class='ocr_carea' id='block_1_3' title="bbox 2409 4690 2864 4701">
    <p class='ocr_par' dir='ltr' id='par_1_3' title="bbox 2409 4690 2864 4701">
     <span class='ocr_line' id='line_1_37' title="bbox 2409 4690 2864 4701; baseline 0 1016"><span class='ocrx_word' id='word_1_287' title='bbox 2409 4690 2864 4701; x_wconf 95' lang='lat' dir='ltr'><strong> </strong></span> 
     </span>
    </p>
   </div>
   <div class='ocr_carea' id='block_1_4' title="bbox 832 4783 2385 4860">
    <p class='ocr_par' dir='ltr' id='par_1_4' title="bbox 832 4783 2385 4860">
     <span class='ocr_line' id='line_1_38' title="bbox 832 4783 2385 4860; baseline 0.005 -21"><span class='ocrx_word' id='word_1_288' title='bbox 832 4785 848 4821; x_wconf 86' lang='lat'>¹</span> <span class='ocrx_word' id='word_1_289' title='bbox 871 4783 1152 4853; x_wconf 69' lang='lat' dir='ltr'><strong>calumpnia</strong></span> <span class='ocrx_word' id='word_1_290' title='bbox 1175 4785 1230 4839; x_wconf 88' lang='lat' dir='ltr'><strong>in</strong></span> <span class='ocrx_word' id='word_1_291' title='bbox 1253 4787 1367 4842; x_wconf 77' lang='lat' dir='ltr'><strong>MS.</strong></span> <span class='ocrx_word' id='word_1_292' title='bbox 1793 4790 1810 4860; x_wconf 81' lang='grc'>1</span> <span class='ocrx_word' id='word_1_293' title='bbox 1900 4791 1924 4827; x_wconf 80' lang='lat'>²</span> <span class='ocrx_word' id='word_1_294' title='bbox 1945 4791 2017 4844; x_wconf 80' lang='lat' dir='ltr'><strong>ad</strong></span> <span class='ocrx_word' id='word_1_295' title='bbox 2032 4800 2169 4846; x_wconf 76' lang='lat' dir='ltr'><strong>certa</strong></span> <span class='ocrx_word' id='word_1_296' title='bbox 2189 4793 2243 4846; x_wconf 87' lang='lat' dir='ltr'><strong>in</strong></span> <span class='ocrx_word' id='word_1_297' title='bbox 2271 4792 2385 4847; x_wconf 68' lang='lat' dir='ltr'><strong>MSa</strong></span> 
     </span>
    </p>
   </div>
  </div>
 </body>
</html>
