3467 5717
1360 864 1602 915 SANCTI
1647 865 1919 915 ALBANI.
2570 855 2695 917 189

592 1044 629 1075 “
672 1059 968 1125 rumque,
1015 1037 1179 1103 dum
1241 1036 1515 1105 libertas
1574 1037 1850 1125 petitur,
1894 1039 2342 1106 accumulatur
2393 1039 2695 1119 servitus,
2723 1055 3035 1108 Ani-12⁴.

595 1146 628 1174 “
673 1145 743 1205 et
785 1139 1189 1205 conditionis
1233 1140 1520 1227 qualitas
1563 1139 1640 1206 in
1684 1140 1977 1206 deterius
2020 1146 2450 1227 permutatur.
2538 1142 2701 1229 Spe-

594 1248 630 1277 “
673 1242 897 1307 culum
959 1241 1159 1327 hujus
1220 1242 1382 1308 aleae
1444 1241 1670 1308 fatalis
1713 1242 1965 1308 nedum
2023 1242 2342 1330 inspicere
2401 1243 2702 1332 poteritis

594 1349 630 1380 “
674 1344 748 1409 in
806 1343 939 1409 hiis
983 1342 1248 1410 Judaeis
1290 1344 1576 1430 perfidis,
1621 1343 1737 1431 qui
1789 1344 1988 1410 modo
2051 1366 2171 1434 per
2230 1351 2451 1412 totum
2514 1366 2706 1412 mun—

594 1451 630 1481 “
677 1446 837 1511 dum
880 1446 956 1511 in
999 1446 1431 1533 ignominiam
1477 1445 1623 1511 dati
1667 1450 1846 1525 sunt,
1893 1452 1964 1512 et
2007 1447 2498 1529 exterminium,
2545 1448 2705 1535 quia

595 1555 633 1584 “
676 1548 805 1637 ipsi
850 1549 1031 1614 ultra
1073 1570 1272 1635 quam
1317 1552 1542 1634 petere
1599 1547 1813 1626 licuit,
1858 1553 1980 1614 aut
2036 1551 2388 1617 concedere
2432 1550 2700 1638 placuit,

598 1658 636 1688 “
681 1651 1020 1738 petierunt
1061 1671 1105 1714 a
1143 1650 1398 1715 Senatu
1432 1648 1863 1716 libertatem?
1952 1649 2358 1731 Quinimmo,
2388 1674 2433 1716 a
2460 1653 2702 1718 vestris

597 1758 635 1788 “
680 1752 914 1818 vicinis
957 1755 1027 1818 et
1073 1751 1315 1817 nostris
1359 1751 1751 1817 tenentibus
1780 1750 1960 1818 villae
2004 1752 2086 1819 de
2114 1753 2384 1833 Barnet,
2417 1774 2695 1840 quorum

595 1862 634 1890 ‘⁶
677 1855 1013 1921 temeritas
1056 1853 1131 1918 in
1174 1852 1417 1919 vestris
1463 1851 1716 1932 diebus,
1760 1858 1842 1918 ut
1885 1854 2268 1934 meminitis,
2313 1855 2479 1921 satis
2526 1855 2698 1942 juri-

595 1963 632 1994 “
676 1957 836 2036 dice,
865 1957 1071 2023 immo
1114 1956 1427 2043 rigorose,
1457 1976 1757 2043 repressa
1785 1954 2047 2037 fuerat3
2094 1956 2253 2043 quia
2292 1956 2440 2043 ipsi,
2469 1963 2703 2025 contra

593 2066 629 2096 “
675 2066 986 2126 naturam
1032 2079 1170 2124 suae
1208 2064 1486 2136 tenurae,
1534 2057 2005 2123 confinxerunt
2049 2056 2427 2124 chartarum
2470 2080 2701 2146 conge-

598 2168 632 2199 “
678 2163 865 2241 riem,
898 2160 1487 2246 clamaveruntque
1515 2164 1742 2225 tenere
1770 2158 1991 2238 libere,
2033 2164 2103 2224 et
2144 2160 2529 2227 nullatenus
2573 2183 2705 2226 ser·

593 2269 634 2300 “
680 2263 909 2329 viliter
953 2285 1070 2351 per
1114 2262 1374 2349 copiam
1418 2260 1642 2340 rotuli,
1684 2260 1895 2347 juxta
1949 2261 2199 2327 domini
2244 2261 2706 2329 voluntatem?

591 2374 632 2401 “
677 2365 916 2452 Igitur,
964 2386 1050 2431 ne
1093 2370 1333 2431 vestrae
1384 2362 1782 2429 conditionis
1827 2363 2114 2449 qualitas
2156 2370 2480 2447 vertatur,
2525 2366 2704 2452 quod

595 2473 632 2503 “
679 2467 1019 2546 nollemus,
1065 2466 1138 2531 in
1200 2464 1511 2543 deteriuS‚
1556 2485 1809 2552 vosque
1862 2464 1992 2530 hiis
2048 2465 2227 2532 fiatis
2285 2467 2533 2534 similes
2585 2467 2703 2555 qui

591 2576 629 2607 “
673 2573 1022 2656 propterea
1064 2567 1282 2633 multa
1325 2567 1619 2654 perdunt
1663 2567 1825 2654 quia
1874 2566 2070 2656 plura
2110 2589 2310 2654 quam
2368 2570 2527 2636 licet
2583 2569 2701 2636 ha-

599 2678 635 2708 “
680 2673 832 2737 bere
892 2669 1325 2749 contendunt,
1372 2670 1492 2735 has
1552 2676 1809 2735 vestras
1870 2669 2278 2736 voluntarias
2343 2671 2701 2758 petitiones

597 2781 632 2811 “
676 2773 919 2860 ponite,
965 2771 1387 2850 consulimus,
1448 2775 1606 2837 ante
1665 2772 1949 2836 rationis
2010 2771 2246 2854 oculos„
2306 2774 2698 2861 petatisque,

598 2881 634 2911 “
678 2875 1110 2963 suggerimus,
1158 2873 1339 2960 quod
1384 2878 1505 2939 aut
1565 2872 1649 2939 de
1698 2873 1854 2959 jure
1898 2878 2020 2940 aut
2079 2874 2162 2940 de
2222 2877 2699 2943 consuetudine

599 2984 632 3015 “
675 2978 917 3044 habere
947 2974 1399 3054 consuevistis,
1431 2980 1500 3042 et
1541 2997 1664 3041 nos
1692 2975 1885 3042 vobis
1913 2976 2162 3064 absque
2190 2977 2492 3044 ulteriori
2526 2977 2701 3064 juris

599 3086 637 3117 “
682 3079 967 3166 strepitu
1011 3077 1283 3145 liberius
1334 3078 1778 3146 concedemus.
1858 3077 2050 3158 Quod
2092 3079 2152 3144 si
2197 3080 2436 3146 horum
2488 3078 2701 3146 ¹duci·

600 3193 639 3220 “
684 3183 851 3248 mini
879 3180 1289 3262 clamoribus,
1310 3179 1445 3266 qui,
1467 3180 1709 3267 spiritu
1737 3181 1981 3268 agitati
2004 3178 2031 3220 ⁹
2046 3182 2482 3269 phantastico,
2506 3205 2700 3249 omne

600 3294 640 3323 ‘⁸
687 3284 864 3373 quod
912 3283 1005 3350 eis
1053 3284 1348 3371 suggerit
1392 3283 1589 3349 anilis
1633 3283 1993 3370 garrulitas
2037 3283 2279 3351 habere
2313 3282 2703 3351 ’vendicant

601 3395 637 3427 ‘⁸
683 3409 804 3475 pro
856 3386 1006 3473 jure
1052 3406 1190 3466 suo,
1251 3385 1474 3451 sciatis
1533 3406 1656 3451 nos
1716 3406 1839 3471 pro
1882 3390 2046 3451 tunc
2090 3407 2177 3452 ex
2220 3385 2499 3452 adverso
2533 3387 2703 3454 velle

601 3498 637 3527 “
679 3510 1087 3576 consurgere,
1115 3509 1193 3553 ac
1221 3487 1295 3551 in
1325 3486 1564 3553 talium
1611 3486 2084 3574 repressionem
2114 3487 2144 3526 ‘¹'
2159 3487 2701 3575 phantasmatum

597 3602 631 3630 “
679 3593 845 3659 totis
873 3591 1121 3657 nostris
1150 3588 1501 3655 conatibus
1529 3588 1850 3656 laborare.
1940 3589 2331 3677 Eapropter‚
2361 3590 2699 3675 carissimi,

600 3700 638 3729 ‘⁴
686 3695 844 3759 dum
903 3692 1097 3758 navis
1166 3697 1269 3758 est
1326 3691 1401 3756 in
1467 3697 1686 3779 portu,
1755 3691 2002 3758 bonum
2066 3697 2168 3758 est
2228 3692 2472 3761 futurae
2530 3700 2700 3761 tem-

601 3804 636 3833 “
683 3795 963 3884 pestatis
991 3815 1363 3882 praecavere
1390 3793 1772 3881 periculum,
1803 3816 1887 3860 ne
1916 3794 2156 3877 forsan,
2187 3795 2347 3861 dum
2377 3796 2451 3861 in
2483 3796 2699 3864 altum

601 3905 639 3935 “
683 3898 1009 3965 subducta
1052 3896 1276 3977 fuerit,
1336 3918 1476 3963 non
1528 3896 1794 3985 poterit,
1853 3919 2004 3964 cum
2064 3899 2416 3984 optaverit,
2477 3900 2699 3966 vitare

601 4007 638 4037 “
684 4000 1033 4089 dispendia
1076 3999 1565 4087 naufragorum.
1658 3998 1922 4064 Bonum
1967 4003 2071 4064 est
2113 4000 2361 4084 itaque,
2393 3999 2551 4064 dum
2595 4022 2700 4067 res

601 4110 637 4139 ‘⁸
682 4102 1044 4190 tranquille
1087 4102 1359 4188 geritur,
1405 4106 1477 4168 et
1526 4099 1883 4187 utrobique
1932 4100 2189 4166 vivitur
2246 4100 2531 4187 pacifice,
2581 4123 2704 4168 nec

600 4211 638 4242 “
684 4205 937 4292 aliquid
1004 4203 1410 4271 contrarium
1473 4205 1596 4268 aut
1653 4201 2061 4269 exactorium
2113 4202 2493 4286 innovatur,
2537 4226 2703 4293 prse-

600 4314 641 4344 “
685 4307 911 4373 videre
956 4305 1168 4393 qualis
1229 4305 1330 4371 sit'
1363 4303 1629 4370 futurus
1672 4303 2118 4371 contentionis
2173 4305 2413 4388 exitus,
2459 4306 2514 4372 si
2560 4307 2703 4374 sine

600 4414 638 4447 “
684 4409 894 4477 colore
939 4412 1009 4475 et
1052 4408 1300 4494 absque
1335 4406 1509 4494 jure,
1556 4407 1781 4489 immo,
1826 4405 2293 4474 tantummodo
2335 4428 2422 4474 ex
2466 4410 2703 4475 volun-

665 4659 681 4693 ¹
705 4659 823 4711 duci
843 4659 896 4710 in
917 4648 1038 4712 MS.
1761 4656 1782 4687 ³
1805 4653 2032 4705 vendicat
2053 4650 2107 4705 in
2127 4651 2242 4707 MS.

660 4738 975 4806 'fantastice
996 4737 1053 4789 in
1077 4735 1193 4789 MS.
1762 4735 2151 4800 ‘fantasmatum
2172 4733 2227 4787 in
2249 4731 2365 4789 MS.
