3467 5717
1310 824 1554 874 sarton
1598 825 1879 874 Μ,ΒΑΝΙ.
2525 814 2652 877 289

557 1019 593 1046 “
641 1017 657 1048 ‘
688 1011 1051 1099 Operariae’
1099 1033 1338 1076 nomen
1392 1011 1825 1100 imponentes,
1863 1012 1935 1076 in
1986 1010 2216 1077 eodem
2258 1012 2653 1078 monasterio
2680 1021 2989 1079 sanson.

557 1119 592 1150 “
635 1113 1113 1194 instituerunt3
1159 1136 1251 1193 ac,
1285 1134 1404 1200 pro
1434 1114 1938 1202 supportatione
1981 1136 2256 1180 onerum
2293 1137 2443 1201 quae
2474 1115 2654 1182 dicto

555 1223 593 1252 “
634 1216 846 1281 officio
884 1216 1362 1303 imposuerunt,
1393 1216 1716 1281 nonnulla
1765 1221 1930 1282 tunc
1976 1238 2285 1305 expressa
2331 1222 2401 1284 et
2445 1218 2656 1305 desig-

558 1324 595 1353 “
638 1323 803 1384 nata
856 1317 961 1382 illi
1011 1317 1221 1383 officio
1265 1318 1733 1405 applicarunt3
1779 1341 1857 1384 ac
1908 1319 2076 1385 illud
2134 1320 2401 1401 residui,
2463 1319 2656 1406 quod,

559 1425 596 1455 “
642 1419 940 1487 deductis
991 1420 1118 1507 ipsi
1167 1419 1375 1486 officio
1421 1420 1749 1507 impositis
1794 1422 2123 1503 oneribus,
2154 1422 2504 1487 annuatim
2553 1445 2660 1487 su·

559 1528 598 1558 “
642 1544 896 1610 peresse
942 1521 1311 1610 contigerit,
1341 1545 1459 1609 pro
1489 1520 1512 1560 ¹
1532 1524 1866 1588 communi
1914 1524 2132 1610 colligi
2163 1529 2235 1591 et
2263 1524 2440 1589 tradi
2471 1525 2657 1590 volu-

560 1631 596 1658 “
641 1629 878 1705 erunt3
935 1647 1011 1690 ac
1056 1624 1190 1689 alia
1232 1624 1304 1689 in
1347 1624 1715 1712 praemissiS,
1765 1630 1837 1690 et
1887 1626 2058 1691 circa
2101 1648 2196 1708 ea,
2244 1628 2543 1692 fecerunt
2588 1631 2659 1692 et

563 1734 597 1762 ‘⁴
642 1732 1074 1815 peregerunt;
1119 1731 1319 1814 prout
1368 1727 1443 1792 in
1492 1726 1736 1793 litteris
1787 1726 2189 1814 patentibus,
2243 1726 2444 1814 sigilli
2491 1727 2655 1794 dicti

564 1835 597 1864 “
642 1829 927 1895 Abbatis
1010 1828 1409 1918 appensione
1496 1828 1796 1909 munitis,
1867 1850 2148 1915 quarum
2222 1833 2481 1895 tenores
2549 1829 2657 1894 hic

560 1936 596 1965 “
642 1930 881 1996 habere
924 1930 1182 2018 placeat
1225 1953 1345 2018 pro
1392 1930 1737 2018 expressis,
1771 1931 2030 2018 plenius
2080 1931 2478 1998 continetur.
2554 1932 2659 1998 Ut

562 2038 598 2069 “
643 2032 854 2119 igitur
892 2033 1248 2119 praemissa,
1282 2055 1432 2119 quae
1478 2054 1596 2120 pro
1642 2032 1916 2098 feliciori
1968 2036 2155 2099 statu
2204 2031 2367 2098 dicti
2402 2055 2660 2099 monas-

559 2140 596 2171 “
642 2134 816 2214 terii,
844 2139 916 2200 et
959 2133 1142 2200 illius
1182 2133 1535 2200 salubriori
1568 2134 1947 2213 directione,
1981 2135 2250 2221 provide
2280 2155 2661 2223 processere,

562 2243 599 2272 “
647 2235 911 2302 illibata
954 2241 1401 2322 permaneant,
1448 2239 1518 2301 et
1562 2240 1884 2323 perpetua
1927 2236 2295 2303 subsistant
2324 2237 2660 2316 firmitate,

564 2345 600 2373 “
650 2338 1027 2425 supplicant
1056 2337 1395 2404 humiliter
1443 2337 1806 2405 Sanctitati
1852 2344 2092 2407 vestrae
2122 2339 2352 2405 Abbas
2391 2344 2460 2404 et
2492 2339 2662 2406 Gon-

566 2447 601 2475 “
648 2446 888 2505 ventus
937 2440 1255 2527 pmdicti,
1318 2444 1646 2526 quatenus
1716 2444 1996 2519 statuta,
2073 2440 2265 2507 officii
2331 2440 2666 2528 Operariae

564 2549 598 2578 “
644 2542 1161 2622 institutionem,
1231 2542 1331 2606 illi
1404 2542 1725 2608 bonorum
1796 2542 2323 2630 applicationem,
2393 2565 2664 2608 onerum

565 2654 600 2681 “
644 2643 1151 2731 impositionem,
1182 2648 1254 2710 et
1300 2642 1417 2708 illa
1465 2645 1600 2709 alia
1628 2645 1985 2732 praemissa,
2016 2667 2166 2710 cum
2213 2645 2372 2710 inde
2421 2645 2665 2717 secutis

569 2755 604 2783 “
649 2753 718 2813 et
762 2747 835 2811 in
882 2747 1078 2813 dictis
1118 2746 1363 2812 litteris
1410 2748 1758 2826 contentis,
1789 2770 1909 2834 pro
1958 2768 2181 2813 eorum
2231 2746 2666 2813 subsistentia

567 2858 601 2886 “
647 2849 937 2930 firmiori,
970 2853 1120 2914 rata
1150 2847 1470 2914 habentes
1519 2853 1588 2914 et
1631 2854 1848 2935 grata,
1881 2848 1998 2914 illa
2040 2849 2437 2915 auctoritate
2484 2849 2664 2935 Apo-

570 2961 607 2990 “
651 2953 883 3019 stolica
942 2949 1300 3039 approbare
1346 2956 1416 3017 et
1460 2953 1847 3018 confirmare
1893 2951 2262 3040 dignemini
2305 2952 2387 3017 de
2446 2952 2668 3039 gratia

568 3063 603 3093 “
647 3054 927 3142 speciali,
989 3052 1017 3090 ²
1035 3054 1416 3141 supplentes
1480 3075 1706 3121 omnes
1777 3053 2086 3131 defectm,
2152 3053 2212 3118 si
2272 3053 2389 3140 qui
2450 3052 2670 3119 forsan

571 3166 607 3194 “
652 3156 1134 3224 intervenerint
1178 3156 1250 3221 in
1296 3155 1562 3237 eisdem,
1610 3181 1762 3223 cum
1809 3154 2048 3222 3‘Non
2092 3155 2516 3223 obstantibus
2541 3154 2556 3181 '
2602 3159 2673 3221 et

569 3268 605 3294 “
651 3257 957 3324 clausulis
1002 3257 1026 3293 ⁴
1048 3257 1498 3345 opportunis.''

660 3359 914 3427 Videns
976 3360 1159 3447 Papa
1203 3359 1768 3448 supplicationem
1833 3359 2082 3426 dictam
2128 3359 2472 3427 honestam
2517 3382 2672 3439 esse,
2698 3366 2807 3419 The
2827 3366 2969 3430 Pope

570 3469 639 3531 et
693 3463 943 3540 utilem,
991 3484 1067 3528 ac
1110 3484 1249 3528 non
1311 3463 1640 3529 modicum
1687 3463 2029 3528 commoda
2085 3461 2466 3550 reipublicae
2526 3484 2673 3549 pro·
2695 3431 2976 3566 {laganis-⁸5⁶

569 3570 929 3644 curantem,
986 3586 1145 3631 mox
1218 3564 1348 3630 sibi
1409 3566 1820 3653 signaturam
1889 3564 2224 3652 imposuit,
2281 3564 2675 3652 tradensque
2698 3566 2880 3619 confir-

571 3691 720 3736 eam
787 3668 1098 3750 bullariis,
1152 3668 1343 3749 hanc,
1393 3691 1541 3756 quae
1585 3669 1693 3734 hic
1746 3668 2188 3756 subsequitur,
2236 3668 2502 3734 Bullam
2553 3691 2673 3757 pro
2698 3633 2904 3685 mation.

574 3771 1097 3860 supradictorum
1145 3771 1659 3838 ordinationum
1705 3772 2218 3855 confirmatione,
2263 3772 2462 3840 scribi
2506 3795 2674 3860 prse-

573 3874 856 3962 cepit.—

667 3985 701 4012 “
731 3976 1068 4064 Eugenius
1112 3977 1488 4066 EpiscopuS,
1551 4000 1782 4044 servus
1843 3997 2180 4042 servorum
2227 3974 2374 4057 Dei,
2437 3974 2676 4042 dilecto
2702 3977 2821 4029 Bau
2842 3975 2899 4028 of

576 4090 611 4114 “
658 4079 813 4158 filio,
862 4080 1343 4146 Archidiacono
1407 4079 1953 4167 Bokynghamiae,
2022 4078 2303 4143 salutem
2365 4082 2434 4142 et
2496 4077 2676 4164 Apo-
2702 4043 3003 4176 Ξὲἔυῗῖἧ,

577 4190 614 4219 “
661 4182 961 4249 stolicam
1004 4183 1546 4251 benedictionem.
1637 4181 2038 4269 Apostolicae
2101 4179 2291 4245 Sedis
2337 4178 2681 4246 servitutis
2703 4177 2925 4228 thereon.

581 4343 2682 4359 ——ffl0m-fflffl

646 4429 660 4463 ¹
686 4432 873 4481 comum·
895 4428 949 4481 in
972 4430 1087 4482 MS.
1674 4433 1707 4459 ‘⁴
1730 4429 2009 4495 standing'’
2031 4427 2142 4479 that
2162 4425 2215 4477 in
2228 4427 2312 4478 the
2330 4427 2595 4479 meantime
2616 4426 2696 4479 ite'

641 4507 663 4542 2
684 4507 923 4574 mplenoes
944 4508 998 4560 in
1017 4510 1131 4561 MS.
1676 4508 1838 4575 might
1878 4516 1970 4560 not
2005 4508 2137 4559 have
2160 4507 2356 4559 availed
2393 4504 2602 4557 himself
2632 4506 2692 4556 of

643 4587 666 4620 ³
686 4589 741 4638 A
776 4588 947 4640 clause
1001 4588 1061 4639 of
1100 4587 1218 4639 Non
1257 4587 1479 4640 obstante
1512 4605 1589 4641 se-
1675 4588 1741 4640 its
1764 4591 2089 4657 advantages.

577 4667 731 4718 cured
752 4674 806 4717 to
828 4668 915 4717 the
939 4675 1145 4733 grantes
1167 4666 1252 4719 the
1275 4667 1372 4719 fun
1406 4667 1589 4718 beneflt
1754 4669 1772 4699 ¹
1791 4669 2044 4735 oportunis
2063 4660 2118 4718 in
2138 4659 2254 4721 MS.

579 4746 642 4795 of
667 4745 756 4797 the
778 4755 930 4812 grant
951 4752 1006 4798 at
1028 4762 1129 4813 any
1150 4746 1286 4809 time,
1309 4746 1591 4800 “notwith-

2381 4837 2423 4893 Τ
