3467 5717
786 843 914 905 356
1453 854 1774 905 ANNALES
1821 853 2249 906 Momm-nnn

450 1053 588 1103 ΑΒ.
618 1057 760 1105 1433.
785 1053 821 1079 “
866 1045 1036 1111 sicut
1083 1046 1537 1132 praemittitur,
1585 1048 1657 1111 in
1715 1048 1979 1134 scriptis
2026 1048 2296 1114 redacta
2344 1053 2414 1114 et
2460 1047 2782 1127 exhibita,
2811 1070 2890 1113 ac

787 1156 823 1181 “
867 1169 1086 1213 coram
1130 1147 1426 1235 praelatis
1482 1154 1552 1214 et
1599 1149 1771 1215 clero
1823 1150 2172 1237 praedictis,
2219 1152 2303 1216 de
2362 1150 2678 1217 mandato
2722 1173 2889 1238 prae-

787 1256 824 1287 “
870 1249 996 1315 fati
1042 1250 1593 1316 Reverendissimi
1642 1251 1861 1318 Patris
1902 1252 2408 1340 Archiepiscopi,
2439 1253 2700 1342 publice
2742 1274 2887 1340 per-

785 1358 824 1386 “
867 1351 1055 1429 lecta,
1098 1351 1542 1417 incontinenti
1587 1353 1985 1419 venerabilis
2017 1354 2234 1434 Pater,
2266 1356 2315 1421 J
2317 1356 2624 1435 ohannes,
2658 1355 2890 1420 Abbas

786 1460 820 1487 “
865 1453 1248 1520 Monasterii
1294 1453 1523 1520 Sancti
1568 1455 1836 1535 Albani,
1880 1456 2245 1543 provisioni
2303 1458 2641 1544 praedictae
2686 1457 2890 1522 recla-

787 1563 823 1592 “
865 1555 1097 1637 mavit,
1143 1556 1564 1635 contradixit,
1612 1578 1689 1623 ac
1731 1557 1945 1624 eidem
1995 1579 2300 1645 expresse
2345 1558 2674 1639 dissensit,
2720 1580 2891 1624 asse·

786 1663 824 1693 “
867 1656 1074 1721 rendo
1118 1656 1378 1744 publice
1441 1675 1602 1723 tunc
1663 1658 1929 1739 ibidem,
1975 1660 2153 1746 quod
2220 1660 2512 1748 provisio
2557 1660 2675 1726 illa
2734 1660 2883 1741 sibi,

784 1765 818 1794 “
861 1779 1127 1844 suaeque
1186 1759 1411 1823 domui
1456 1782 1533 1825 ac
1576 1761 1992 1843 monasterio,
2039 1760 2169 1828 fuit
2222 1768 2292 1829 et
2353 1768 2454 1828 est
2516 1761 2887 1849 praejudici-

785 1867 824 1894 “
867 1860 990 1925 alis
1020 1865 1089 1925 et
1127 1861 1601 1949 derogatativa,
1644 1884 1721 1928 ac
1766 1869 1996 1930 contra
2038 1864 2381 1930 libertates
2425 1870 2496 1930 et
2539 1863 2888 1952 privilegia

785 1968 824 1999 “
868 1984 984 2048 per
1046 1963 1544 2048 praedecessores
1607 1965 1880 2031 Domini
1926 1965 2126 2053 Regis
2188 1986 2367 2032 nunc
2427 1967 2556 2032 sibi
2620 1987 2887 2051 suaeque

787 2072 824 2099 “
869 2064 1110 2145 domui,
1188 2065 1605 2145 MonasteriO,
1664 2066 1932 2133 indulta
2004 2073 2074 2134 et
2147 2089 2461 2136 concessa.
2482 2107 2573 2120 —
2594 2068 2688 2134 Et
2745 2090 2884 2155 eg0,

786 2172 822 2202 “
870 2167 1199 2233 Heuricus
1246 2167 1726 2247 Penwortham,
1774 2169 2059 2247 clericus,
2094 2169 2415 2236 Notarius
2455 2170 2782 2248 Publicae,
2813 2170 2885 2234 in

786 2273 824 2304 “
870 2269 1049 2334 dicta
1080 2268 1567 2336 Convocatione
1611 2276 1911 2337 actorum
1956 2271 2186 2353 scriba,
2233 2271 2533 2358 praefatis
2576 2273 2887 2339 mclama-

786 2375 824 2405 “
866 2370 1056 2452 tioni,
1124 2372 1648 2454 contradictioni,
1716 2377 1787 2439 et
1860 2373 2266 2453 dissensioni,
2340 2396 2459 2461 per
2532 2373 2883 2462 praefatum

784 2480 819 2507 “
864 2474 1304 2539 venerabilem
1354 2474 1638 2556 Patrem,
1684 2480 1764 2540 ut
1822 2475 2277 2562 praemittitur,
2322 2477 2535 2555 factis,
2583 2497 2883 2563 praesem,

780 2579 819 2609 “
860 2575 1294 2659 personaliter
1336 2576 1628 2656 interfui,
1675 2598 1909 2662 easque
1966 2577 2062 2643 sic
2118 2578 2261 2643 fieri
2303 2577 2451 2643 vidi
2494 2584 2566 2645 et
2609 2579 2883 2660 audivi3

780 2680 817 2709 “
861 2681 931 2741 et
975 2675 1139 2754 ideo,
1183 2676 1258 2741 in
1302 2677 1502 2744 fidem
1548 2683 1619 2742 et
1686 2678 2147 2744 testimonium
2213 2679 2288 2743 in
2330 2679 2454 2746 hac
2518 2687 2707 2766 parte
2769 2701 2881 2744 ex-

779 2782 816 2812 “
860 2776 1243 2859 hibendum,
1275 2798 1422 2844 mea
1464 2779 1734 2866 propria
1777 2801 1979 2844 manu
2025 2780 2131 2846 hic
2159 2781 2533 2867 subscripsi,
2562 2786 2631 2848 et
2661 2803 2882 2847 meum

782 2881 820 2911 “
863 2875 1170 2942 manuale
1243 2877 1535 2963 apposui,
1608 2898 1722 2963 per
1795 2877 2046 2943 dictum
2114 2876 2475 2945 Dominum
2543 2878 2878 2944 Abbatem

780 2982 815 3011 “
859 2982 1127 3065 rogatus
1172 2982 1242 3044 et
1287 2979 1659 3065 requisitus.
1659 2978 1698 3004 ”

446 3099 530 3153 On
552 3099 654 3150 this
868 3080 1235 3146 Audientes
1279 3085 1504 3146 autem
1551 3080 1879 3147 Praesules
1936 3082 2108 3149 hanc
2165 3084 2405 3149 lectam
2457 3106 2677 3151 eoram
2720 3084 2881 3172 ipsis

439 3174 729 3297 {emmim}
778 3182 1324 3261 reclamationem,
1368 3182 1640 3248 stabant
1681 3184 1857 3249 muti
1909 3205 2152 3265 omnes,
2200 3185 2391 3272 quasi
2433 3208 2571 3253 non
2613 3186 2879 3252 habuis-

440 3298 526 3347 ὼε
498 3234 753 3364 εΒὶιιιιορὲ
777 3289 925 3350 sent
968 3285 1245 3351 ulterius
1288 3285 1547 3403 linguas
1591 3284 1675 3350 ad
1720 3284 2145 3372 loquendum.
2255 3286 2495 3354 Stabat
2554 3288 2762 3354 etiam
2812 3293 2882 3354 et

435 3366 718 3480 githnggek
776 3387 1001 3468 clerus,
1032 3408 1168 3452 non
1213 3387 1409 3453 aliter
1451 3388 1519 3452 in
1568 3408 1687 3452 suo
1717 3387 1914 3453 vultu
1957 3392 2430 3470 consternatus,
2462 3411 2665 3476 quam
2704 3396 2881 3456 stare

438 3498 678 3548 stez-natio
648 3513 732 3548 o.n
773 3490 987 3555 solent
1052 3494 1255 3555 testes
1327 3510 1544 3555 coram
1607 3489 1853 3575 judice,
1916 3491 2180 3576 quando
2246 3492 2747 3571 convincuntur,
2806 3494 2877 3557 in

772 3590 1065 3656 favorem
1125 3590 1349 3677 partis,
1393 3590 1633 3656 falsum
1693 3592 2152 3658 testimonium
2203 3593 2571 3681 protulisse.
2686 3594 2879 3675 Quod

771 3691 1000 3756 Abbas
1059 3690 1351 3772 intuens,
1397 3693 1730 3759 convertit
1791 3692 2024 3760 faciem
2085 3715 2271 3760 suam
2328 3695 2415 3760 ad
2476 3716 2604 3777 eos,
2650 3694 2876 3782 loque-

437 3804 550 3857 The
572 3805 746 3858 Abbot
770 3792 1097 3879 baturque
1140 3792 1379 3871 dicens,
1382 3800 1489 3842 —‘
1494 3793 1737 3859 ‘.Ecce
1724 3798 1737 3842 ¹
1786 3816 2006 3861 semen
2051 3795 2335 3877 Canem),
2380 3785 2450 3862 et
2491 3816 2625 3862 non
2655 3797 2705 3863 J
2705 3796 2873 3864 udae.

435 3873 647 3990 {fissgm
793 3895 1061 3960 ‘Eccel
1111 3893 1437 3981 quomodo
1478 3895 1739 3984 decepit
1766 3917 1886 3963 vos
1915 3898 2177 4015 species,
2206 3898 2548 3986 coegitque
2574 3900 2876 3966 recedere

773 4003 812 4033 “
855 4020 898 4062 a
956 3998 1336 4084 planissima
1379 3998 1680 4066 veritate.
1801 3998 1848 4064 J
1848 4021 1956 4064 am
2016 4000 2212 4080 enim,
2257 4001 2382 4066 etsi
2426 4021 2562 4065 non
2619 4023 2705 4067 ex
2762 4023 2875 4067 ore

772 4104 811 4136 “
854 4100 1135 4185 propri0‚
1182 4100 1305 4165 sub
1349 4098 1701 4166 sufficienti
1745 4105 1975 4166 tamen
2017 4102 2300 4184 recordo,
2347 4102 2633 4169 convicti
2678 4105 2875 4170 statis

769 4204 805 4235 “
850 4221 1044 4286 super
1087 4200 1217 4265 hiis
1262 4202 1567 4267 omnibus
1611 4202 1683 4267 in
1728 4202 1970 4290 quibus
2029 4210 2261 4269 contra
2305 4223 2519 4270 meam
2563 4204 2876 4270 reclama-

768 4306 805 4336 “
852 4302 1102 4366 tionem
1147 4304 1498 4369 contestati
1543 4305 1717 4370 estis.
1808 4304 2064 4371 Pudeat
2094 4306 2303 4393 igitur
2345 4326 2465 4372 vos
2496 4304 2611 4370 1in
2654 4312 2873 4393 poste-

769 4407 806 4437 “
850 4425 1003 4469 rum
1077 4404 1161 4470 ad
1221 4409 1360 4469 tam
1433 4405 1824 4522 probrosum
1901 4407 2175 4487 facinus,
2252 4408 2329 4472 in
2394 4407 2872 4495 lapidationem

768 4511 806 4540 “
850 4507 1241 4586 innocentis,
1287 4507 1540 4595 aperire
1585 4528 1659 4574 os
1700 4512 2019 4577 vestrum.
2106 4509 2176 4574 N
2177 4531 2264 4575 on
2307 4509 2485 4576 enim
2530 4511 2737 4575 animi
2767 4516 2870 4576 est

1599 4750 1615 4782 ¹
1638 4752 1941 4815 imponet-mn
1963 4750 2019 4802 in
2043 4751 2157 4804 MS.
