3467 5717
1327 824 1576 877 men
1620 823 1848 878 ΑΒΕΔ-Ν
1852 825 1897 879 1.
1920 836 1929 849 ·
2530 810 2660 877 345

559 1023 594 1053 “
641 1014 1058 1097 Wineslawe,
1089 1014 1438 1082 duodecim
1480 1014 1920 1095 manentium,
1968 1035 2119 1079 cum
2163 1012 2465 1080 terminis
2509 1014 2664 1093 suis,
2688 1016 2824 1069 ΑΒ·
2854 1022 2997 1069 1433·

559 1126 594 1156 “
638 1126 698 1184 et
756 1124 1012 1186 coetera.
1103 1116 1129 1156 ¹
1147 1117 1243 1182 Et
1302 1116 1618 1203 quoniam
1697 1116 1840 1203 ipss
1923 1113 1951 1155 ²
1971 1116 2251 1203 Martyr,
2330 1116 2665 1183 almifluus

558 1228 595 1258 “
640 1219 668 1257 ⁸
684 1225 885 1308 caput
930 1224 1002 1287 et
1045 1220 1425 1307 exemplum
1470 1212 2000 1286 Christianitatis
2044 1221 2262 1285 omnis
2291 1218 2665 1286 Britanniae

557 1330 592 1359 “
639 1322 1108 1389 indubitanter
1165 1322 1465 1400 habetur,
1529 1321 1810 1409 dignum
1869 1328 1973 1389 est
2031 1326 2110 1387 ut
2168 1321 2347 1388 locus
2405 1323 2479 1388 in
2537 1344 2665 1409 quo

558 1432 594 1461 ‘²
641 1428 945 1491 sanctum
990 1446 1223 1511 corpus
1266 1424 1447 1490 illius
1496 1424 1868 1510 requiescit,
1916 1428 1987 1489 et
2038 1423 2123 1489 ab
2185 1426 2365 1490 omni
2422 1424 2667 1512 populo

560 1534 597 1563 “
643 1532 1020 1609 veneratur,
1084 1526 1352 1614 speciali
1421 1525 1710 1613 quadam
1788 1532 1856 1592 et
1934 1526 2257 1614 singulari
2331 1526 2667 1615 privilegii

562 1636 598 1665 “
644 1630 955 1696 libertate
1024 1650 1143 1716 per
1209 1650 1329 1695 nos
1400 1628 1801 1709 honoretur;
1871 1628 1995 1695 hoc
2060 1629 2329 1717 ⁴igitur,
2396 1651 2668 1696 consen-

561 1739 598 1768 “
643 1732 968 1799 tientibus
1027 1731 1369 1820 Episcopis
1428 1737 1498 1798 et
1557 1730 1953 1814 AbbatibuS,
2001 1732 2298 1799 Ducibus
2342 1737 2414 1799 et
2475 1732 2667 1797 Prin·

562 1839 598 1869 “
642 1835 897 1922 cipibus
956 1835 1136 1915 meis,
1204 1835 1328 1900 sub
1390 1833 1812 1901 invocatione
1872 1833 2138 1902 Sanctae
2183 1835 2536 1901 Trinitatis
2595 1839 2667 1902 et

561 1943 598 1972 “
641 1936 1006 2004 individuae
1076 1937 1404 2018 Unitatis,
1449 1936 1758 2003 donando
1791 1938 2145 2025 ·praecipi0‚
2207 1935 2235 1973 ⁶
2252 1942 2334 2004 ut
2378 1937 2669 2004 Ecclesia

561 2045 597 2075 ‘⁴
644 2039 877 2106 Sancti
938 2039 1205 2121 Albani,
1269 2039 1617 2126 omnisque
1675 2040 2012 2127 possessio,
2067 2061 2242 2105 nunc
2301 2044 2371 2106 et
2428 2040 2669 2106 futuris

562 2150 600 2178 “
643 2141 1058 2229 temporibus
1102 2141 1205 2207 illi
1249 2142 1566 2229 subjecta,
1612 2163 1870 2229 semper
1927 2142 2020 2207 sit
2078 2141 2290 2209 libera
2331 2146 2402 2208 et
2445 2142 2673 2229 quieta

439 2330 452 2344 ,
567 2249 603 2278 “
649 2243 734 2309 ab
802 2244 985 2309 omni
1052 2244 1306 2310 tributo
1351 2242 1378 2283 ⁶
1401 2244 1531 2331 [et]
1598 2243 2011 2323 necessitate,
2072 2267 2198 2345 ‘sen
2267 2243 2487 2332 Regis,
2556 2266 2671 2311 seu

566 2352 618 2403 “·
650 2345 976 2432 Episcopi,
1045 2346 1265 2428 Ducis,
1311 2345 1359 2412 J
1361 2345 1589 2428 udicis,
1659 2350 1730 2412 et
1789 2352 2192 2424 exactorum,
2260 2351 2332 2413 et
2400 2368 2671 2434 operum

565 2454 601 2483 “
649 2469 798 2534 quae
862 2447 1068 2513 indici
1132 2448 1392 2530 solent3
1453 2470 1669 2535 neque
1736 2449 2269 2515 emendationem
2336 2458 2670 2535 portuum,

566 2557 602 2585 “
647 2571 860 2636 neque
905 2549 1145 2616 fossam
1189 2550 1541 2617 adversum
1585 2548 1612 2593 ⁷
1630 2550 1950 2630 inimicos,
1979 2552 2246 2633 faciant,
2293 2556 2416 2617 aut
2458 2551 2671 2618 facere

568 2659 602 2690 “
645 2652 1139 2739 compellantur.
1250 2653 1495 2720 Totum
1541 2651 1567 2689 ⁸
1586 2653 1788 2718 etiam
1832 2653 2128 2740 praefatae
2170 2659 2369 2720 terrae
2422 2654 2671 2741 stipen-

567 2761 604 2790 “
649 2754 836 2820 dium
883 2759 952 2821 et
997 2754 1277 2835 exactio,
1348 2756 1434 2822 ad
1492 2755 1858 2841 supradicti
1920 2752 1948 2794 ⁹
1964 2755 2287 2842 Martyris
2346 2756 2669 2833 tumbam,

568 2862 605 2892 “
649 2856 1092 2922 insolubiliter
1134 2857 1564 2945 persolvatur.
1625 2854 1678 2896 ¹⁰
1691 2856 1936 2923 Statuo
1981 2857 2201 2937 etiam,
2228 2862 2301 2924 et
2335 2857 2670 2923 communi

565 2967 602 2994 “
645 2958 940 3024 fidelium
1000 2979 1297 3024 meorum
1355 2979 1625 3025 assensu
1685 2959 2023 3041 confirmO,
2068 2964 2148 3025 ut
2191 2959 2517 3046 Episcopi,
2563 2958 2673 3024 vel

570 3066 605 3096 “
650 3081 877 3127 eorum
923 3060 1232 3137 ministri,
1261 3061 1514 3128 nullam
1547 3061 1969 3149 aliquatenus
2012 3082 2207 3148 super
2234 3062 2446 3148 ipsam
2476 3060 2674 3127 eccle-

572 3170 608 3199 “
652 3164 837 3245 siam,
881 3163 991 3229 vel
1051 3184 1250 3251 super
1307 3163 1712 3251 parochiales
1773 3163 2074 3230 ecclesias
2134 3164 2346 3230 eidem
2406 3164 2676 3250 quibus-

568 3273 605 3301 “
650 3287 779 3352 que
843 3266 1257 3353 temporibus
1319 3258 1754 3353 subjacentes,
1800 3266 1933 3333 nisi
1989 3266 2473 3347 tantummodO,
2523 3288 2674 3332 cum

568 3376 602 3405 “
647 3362 956 3433 advocati
997 3367 1253 3434 fuerint
1312 3367 1679 3448 dedicandi,
1723 3367 1852 3446 vel,
1896 3367 1971 3432 in
2017 3367 2317 3434 Paschali
2371 3368 2677 3434 solemni-

568 3477 603 3506 “
648 3475 807 3551 tate,
856 3470 1097 3535 crisma
1157 3475 1464 3535 sanctum
1524 3475 1596 3536 et
1654 3470 1890 3550 oleum,
1943 3492 2029 3536 ex
2088 3491 2287 3551 more,
2337 3470 2675 3537 tribuendi

568 3582 603 3609 “
648 3576 1044 3659 potestatem
1091 3572 1399 3639 habeant.
1489 3572 1632 3640 Nec
1678 3594 1905 3639 eorum
1950 3572 2372 3660 presbyteros
2414 3573 2496 3638 ad
2545 3572 2676 3658 Sy-

569 3681 606 3713 “
651 3675 900 3741 nodum
947 3697 1150 3754 suam,
1195 3675 1304 3743 vel
1349 3675 1753 3764 Capitulum,
1786 3697 2157 3754 convocare,
2185 3676 2295 3743 vel
2338 3676 2426 3743 ab
2466 3676 2674 3743 officio

571 3787 605 3815 “
652 3778 882 3844 divino
927 3780 1339 3867 suspendere,
1387 3800 1503 3844 seu
1547 3779 1820 3865 aliquod
1878 3780 1953 3844 in
1998 3801 2108 3847 eos
2155 3780 2265 3846 vel
2322 3780 2672 3846 minimum

641 4026 657 4058 ¹
680 4026 835 4076 From
874 4025 977 4077 this
1015 4027 1155 4076 word
1177 4027 1327 4077 down
1360 4032 1416 4076 to
1446 4027 1479 4054 “
1494 4042 1582 4075 nos
1666 4033 1716 4076 et
1733 4026 1914 4089 quieta,
1937 4025 1991 4075 in
2014 4027 2099 4077 the
2120 4025 2452 4078 Monasticon.

574 4108 608 4136 ‘⁸
642 4104 945 4166 honoretur,’'
1001 4106 1184 4167 beloW,
1242 4105 1329 4157 the
1383 4111 1584 4169 present
1733 4104 1757 4138 ⁶
1779 4105 2004 4157 Omitted
2023 4105 2077 4156 in
2098 4106 2213 4158 MS.

576 4185 845 4236 contextis
866 4183 1141 4235 omittedin
1164 4185 1247 4234 the
1261 4200 1391 4250 copy
1405 4184 1470 4234 of
1481 4184 1582 4234 this
1731 4185 1756 4223 ⁷
1778 4187 1998 4235 inimicos
2015 4186 2309 4252 faciendam
2343 4187 2481 4253 only,
2505 4186 2558 4238 in
2592 4189 2677 4241 the

576 4263 790 4315 charter
805 4263 960 4329 given
974 4263 1030 4313 in
1045 4263 1320 4329 Dugdale’s
1333 4262 1588 4313 Monasti-
1667 4263 2008 4315 Monosticon.

574 4358 663 4391 con
708 4343 826 4405 (IL,
865 4359 915 4407 p.
961 4347 1077 4403 224,
1114 4344 1193 4393 ed.
1224 4341 1400 4405 Ellis),
1428 4342 1583 4394 taken
1734 4345 1758 4376 ⁸
1777 4346 2320 4411 omneproesatoeinthe
2339 4345 2676 4400 Monasticon.

571 4421 704 4471 from
726 4421 839 4474 MS.
857 4422 1058 4474 Cotton.
1081 4421 1220 4472 Nero
1249 4421 1315 4473 D.
1339 4421 1382 4471 1.
1735 4424 1759 4457 ⁹
1779 4424 2019 4475 Martie-is
2041 4425 2092 4475 in
2115 4425 2228 4478 MS.

641 4500 664 4532 ²
683 4499 881 4551 stlat-tir
902 4503 958 4552 in
980 4502 1097 4554 MS.
1737 4504 1779 4536 ¹⁰
1800 4505 1955 4555 From
1972 4505 2075 4556 this
2089 4508 2226 4556 word
2239 4507 2386 4557 down
2405 4513 2459 4556 to
2472 4511 2504 4535 ‘⁸
2523 4509 2677 4559 invio-

644 4578 667 4611 ³
686 4579 853 4645 capud
871 4581 924 4630 in
946 4581 1059 4632 MS.
1669 4582 1885 4634 labiliter
1901 4584 2204 4650 expendatur
2224 4584 2253 4609 ”
2288 4585 2344 4635 in
2366 4601 2416 4651 p.
2440 4591 2558 4649 346,
2592 4589 2678 4640 the

643 4660 666 4693 ⁴
688 4679 875 4727 quoque
896 4661 951 4712 in
972 4663 1060 4713 the
1081 4661 1418 4712 monasticon.
1671 4669 1880 4715 context
1900 4664 1945 4716 is
1963 4663 2193 4732 wanting
2225 4664 2280 4717 in
2315 4664 2403 4717 the
2426 4664 2679 4719 Monosti-

647 4740 669 4773 ⁵
690 4748 933 4805 quatenus
955 4748 1059 4795 tom
1077 4748 1210 4794 term
1233 4739 1322 4792 illa
1342 4744 1408 4795 sit
1430 4738 1585 4794 libera
1673 4759 1777 4793 con.
