3467 5717
1387 829 1739 882 Arrmmlx
1791 818 1918 905 (D).
2611 813 2741 887 437

727 1001 1008 1091 Propius
1081 1025 1344 1072 murum
1419 1005 1729 1094 Capitulo
1803 1006 2208 1095 contiguum,
2283 1029 2369 1073 ex
2443 1008 2745 1097 opposito

640 1104 926 1192 Capellae
971 1105 1204 1175 Sancti
1250 1107 1591 1196 Stephani,
1613 1108 1794 1195 jacet
1824 1109 2155 1175 Dominus
2182 1109 2230 1174 J
2232 1109 2522 1177 ohannes
2558 1110 2745 1197 Hey-

638 1209 917 1288 wurthe,
981 1208 1366 1276 Bacularius
1439 1212 1514 1276 in
1575 1211 1894 1293 DecretiS,
1954 1215 2025 1278 et
2098 1211 2298 1297 hujus
2358 1213 2744 1279 monasterii

639 1309 1202 1394 Poenitentiarius,
1263 1316 1334 1378 et
1385 1311 1659 1378 Domini
1722 1313 1993 1381 Thomae
2052 1313 2340 1380 Abbatis
2401 1313 2746 1381 Confessor

641 1415 712 1477 et
773 1412 1240 1495 cancellatim,
1310 1413 1457 1480 vita
1507 1419 1579 1481 et
1631 1415 1925 1481 moribus
1990 1415 2287 1504 insignis,
2332 1415 2459 1483 sub
2526 1416 2745 1503 lapide

636 1535 1002 1582 marmoreo
1053 1514 1274 1602 plano,
1333 1516 1518 1582 nullo
1561 1516 1765 1585 titulo
1824 1516 2157 1604 impresso,
2279 1517 2500 1584 Juxta
2558 1519 2746 1605 cujus

639 1616 996 1696 tumulum,
1075 1617 1199 1684 sub
1276 1617 1498 1705 lapide
1577 1618 1923 1700 consimili,
1985 1620 2166 1704 jacet
2230 1620 2561 1686 Dominus
2622 1621 2687 1685 N
2691 1622 2745 1686 i-

635 1717 900 1784 cholaus
945 1719 1220 1806 Bewyk,
1267 1720 1600 1806 quondam
1653 1719 1853 1808 hujus
1905 1721 2289 1787 monasterii
2336 1721 2745 1801 Generatim,

637 1821 710 1885 in
768 1821 989 1887 activa
1050 1822 1197 1888 vita
1262 1842 1381 1888 suo
1453 1824 1859 1890 monasterio
1926 1823 2284 1910 plurimum
2350 1823 2747 1893 fructuosus.

636 1922 856 1988 Juxta
922 1924 1257 1990 tumulum
1309 1923 1682 1990 tumulatur
1709 1924 1854 2011 ejus
1899 1925 2227 1991 Dominus
2270 1926 2487 1991 Adam
2537 1925 2744 1992 How·

637 2028 775 2105 ton,
823 2024 1097 2090 Domini
1141 2026 1411 2092 Thomae
1456 2025 1745 2092 Abbatis
1791 2025 2180 2108 Bursarius3
2257 2025 2443 2112 cujus
2486 2026 2631 2092 laus
2676 2032 2747 2093 et

636 2148 879 2193 nomen
922 2127 1259 2215 spargitur
1303 2128 1527 2194 “Boni
1571 2128 1867 2193 Bursarii
1890 2129 1924 2158 '’
1969 2150 2086 2216 per
2114 2133 2334 2195 totum
2378 2129 2746 2194 dominium

639 2227 870 2294 Sancti
898 2228 1188 2295 Albani:
1237 2229 1424 2316 cujus
1452 2234 1603 2296 acta
1631 2235 1701 2295 et
1731 2251 1930 2317 opera
1957 2230 2030 2295 in
2061 2230 2462 2296 Monasterio
2495 2231 2747 2296 moder-

637 2329 744 2395 nis
774 2335 843 2396 et
886 2329 1132 2396 futuris
1178 2330 1587 2418 temporibus
1634 2337 1795 2397 sunt
1838 2337 2157 2419 perpetuo
2202 2332 2588 2413 recolenda;
2637 2331 2749 2399 ¹et

637 2431 847 2498 serius
881 2432 1090 2519 juxta
1140 2454 1289 2499 eum
1340 2432 1658 2521 sepelitur
1704 2433 2034 2500 Dominus
2078 2434 2335 2521 Symon
2381 2434 2577 2522 Pope,
2626 2435 2746 2502 Sa-

637 2533 835 2599 crista
880 2539 952 2600 et
996 2534 1381 2601 Bacularius
1440 2535 1834 2623 Theologiae.
1954 2535 2046 2601 Et
2089 2557 2177 2601 ex
2220 2536 2523 2624 opposito
2591 2537 2748 2603 ostii

640 2635 926 2722 Capellae
955 2635 1187 2702 Sancti
1219 2635 1539 2724 Stephani
1559 2636 1741 2723 jacet
1770 2636 2099 2704 Dominus
2128 2638 2174 2703 J
2178 2639 2470 2704 ohannes
2501 2638 2748 2723 Gylde-

636 2736 837 2816 forde,
862 2738 1193 2824 quondam
1217 2737 1406 2803 Prior
1436 2739 1518 2805 de
1542 2739 1841 2820 Belvero,
1858 2744 1930 2805 et
1947 2739 2133 2827 prius
2162 2743 2232 2805 et
2255 2745 2485 2827 postea
2509 2740 2749 2807 Custos

638 2839 1024 2906 monialium
1069 2840 1154 2906 de
1203 2840 1569 2930 Sopwelle;
1615 2841 1804 2926 cujus
1833 2842 1995 2909 vitae
2040 2842 2372 2921 meritum,
2402 2863 2520 2929 per
2549 2841 2750 2908 licen·

636 2942 801 3008 tiam
845 2943 942 3031 pii
971 2943 1199 3030 patris,
1233 2944 1507 3011 Domini
1536 2943 1584 3009 J
1586 2943 1872 3010 ohannis
1902 2942 2469 3023 Whathamstede,
2504 2943 2749 3010 ibidem

635 3044 880 3111 meruit
924 3043 1345 3132 sepulturam.
1402 3095 1408 3102 .

725 3145 811 3211 In
855 3144 966 3210 ala
1009 3145 1150 3211 sive
1195 3145 1719 3211 deambulatorio
1752 3143 2056 3211 Australi
2088 3144 2414 3226 Ecclesiae,
2441 3165 2525 3211 ex
2555 3167 2751 3233 oppo-

636 3248 768 3314 sito
821 3246 1051 3314 feretri
1096 3247 1328 3314 Sancti
1372 3245 1639 3326 Albani,
1703 3247 1829 3312 sub
1877 3245 2075 3333 longo
2120 3245 2341 3333 lapide
2384 3267 2750 3314 marmoreo

626 3350 826 3437 jacet,
870 3355 1058 3417 scuto
1102 3371 1432 3416 armorum
1494 3358 1563 3416 et
1629 3348 2160 3416 circumferentia
2219 3347 2594 3414 litterarum
2641 3349 2752 3415 de-

633 3458 914 3536 coratus,
969 3451 1296 3520 Dominus
1341 3452 1676 3519 Walterus
1745 3451 2214 3539 Sottyngham,
2270 3450 2477 3531 miles,
2523 3455 2752 3516 tumu-

635 3554 854 3636 latus3
914 3560 983 3622 et
1031 3554 1156 3621 sub
1200 3577 1374 3634 arcu,
1425 3577 1539 3621 seu
1594 3554 1861 3636 fornice,
1907 3552 2137 3619 feretri
2201 3552 2366 3619 dicti
2431 3553 2752 3640 Martyris

634 3656 1068 3740 includenter,
1134 3657 1245 3723 vel
1319 3656 1444 3722 sub
1511 3657 1897 3745 pavimento
1965 3661 2033 3721 et
2101 3654 2282 3720 dicto
2349 3676 2522 3736 arcu,
2570 3660 2648 3721 ut
2709 3678 2751 3720 a

632 3759 1002 3825 senioribus
1045 3759 1290 3825 nostris
1334 3761 1720 3845 accepimus,
1757 3759 1939 3846 jacet
1985 3757 2314 3823 Dominus
2375 3755 2750 3823 Willelmus

636 3859 950 3946 Olynton,
997 3861 1157 3928 olim
1187 3861 1422 3927 Comes
1452 3860 2029 3947 Huntyngdoniae,
2060 3860 2247 3946 cujus
2277 3858 2303 3898 ²
2324 3858 2547 3946 imago
2576 3858 2752 3923 infra

634 3962 886 4029 dictum
932 3964 1250 4031 fornicem
1295 3968 1699 4050 sumptuosae
1746 3962 1961 4049 operis
2005 3960 2463 4027 decentissime
2507 3960 2752 4047 figura-

636 4069 791 4146 tur;
820 4065 1009 4152 cujus
1039 4075 1225 4132 actus
1255 4066 1481 4132 martii
1512 4064 1586 4130 in
1613 4065 1641 4104 ³
1662 4062 2009 4132 Chronicis
2038 4061 2227 4148 regni
2249 4061 2530 4149 Angliae,
2553 4060 2751 4127 bene·

631 4165 785 4231 ficia
828 4189 985 4233 vero
1029 4168 1208 4236 inter
1250 4172 1522 4235 coeteros
1552 4167 2012 4233 Benefactores
2054 4163 2460 4242 Monasterii‚
2490 4162 2750 4250 plenius

634 4273 1062 4337 annotantur.
1155 4269 1241 4335 In
1286 4270 1518 4336 eadem
1578 4270 1687 4334 ala
1731 4266 2061 4348 Ecclesiae,
2105 4285 2306 4353 prope
2374 4269 2750 4331 extremum

630 4371 912 4458 gradum
963 4371 1195 4437 altaris
1243 4370 1512 4438 Sanctae
1560 4370 1794 4437 Mariae
1840 4369 2007 4436 dicti
2056 4375 2092 4405 “
2115 4367 2419 4449 Quatuor
2448 4366 2477 4406 ⁴
2499 4366 2738 4434 Gereo-

706 4563 720 4594 ¹
743 4562 898 4613 From
914 4563 1014 4615 thia
1030 4564 1172 4614 word
1186 4564 1337 4615 down
1353 4572 1408 4615 to
1430 4566 1465 4591 “
1486 4561 1641 4613 Theo-
1806 4560 1828 4593 ³
1857 4559 2085 4611 cronicis
2105 4559 2159 4609 in
2182 4558 2296 4611 MS.
2365 4557 2447 4608 He
2470 4556 2583 4608 died
2608 4557 2744 4612 A.D.

633 4643 668 4671 ‘⁸
703 4640 843 4705 1092·oe
860 4643 891 4668 ”
926 4641 972 4693 is
1009 4659 1076 4693 an
1114 4641 1338 4694 addition
1377 4642 1430 4693 in
1460 4642 1639 4694 alatur
1747 4644 1890 4690 135⁴.

637 4720 795 4783 hand,
816 4719 901 4772 fol.
930 4726 1019 4771 131
1046 4723 1096 4774 b.
1806 4717 1828 4750 ⁴
1854 4717 2106 4771 Seram-um
2128 4714 2182 4771 iu
2203 4715 2316 4771 MS.

703 4797 726 4833 ²
742 4815 917 4871 παρα
937 4799 992 4852 in
1012 4799 1126 4858 MS.
