3467 5717
1379 838 1622 888 sAncn
1669 838 1939 887 mnu.
2596 822 2724 893 137

630 1023 969 1089 “tulisset
1045 1023 1245 1111 plena
1331 1021 1633 1108 1hydria‚
1699 1043 1777 1088 ac
1851 1043 1971 1108 pro
2046 1022 2240 1089 latice
2311 1004 2723 1110 propinasset
2750 1015 2885 1067 ΑΒ·
2920 1022 3061 1066 ¹⁴2³·

631 1129 666 1156 “
710 1124 984 1204 vinu'm3
1061 1125 1298 1189 vinum
1358 1124 1597 1209 utique
1680 1146 1818 1190 non
1897 1124 2066 1189 iliud
2143 1147 2273 1211 quo
2353 1124 2725 1190 inebriatur

627 1232 662 1259 “
705 1225 824 1291 illa
871 1226 1439 1292 meretricularum
1487 1226 1780 1306 lascivia,
1865 1249 2013 1314 quse
2079 1226 2283 1313 juxta
2324 1224 2350 1265 ²
2374 1226 2726 1293 Boethium

628 1332 663 1360 “
708 1332 900 1393 extat
945 1328 1018 1392 in
1061 1326 1088 1367 ⁸
1112 1329 1393 1393 exitium
1454 1327 1681 1407 dulcis,
1729 1327 1939 1393 immo
1994 1327 2232 1393 vinum
2289 1329 2504 1416 ipsum
2555 1328 2725 1414 quod

630 1434 666 1461 ‘⁴
710 1426 1063 1495 *laetificat
1121 1451 1231 1494 cor
1289 1429 1586 1506 bominis,
1650 1434 1718 1494 et
1772 1428 1799 1467 ⁵
1822 1428 2017 1495 Clion
2078 1451 2229 1496 cum
2277 1429 2733 1517 ⁶Melpomene

634 1536 669 1563 “
717 1530 792 1594 in
865 1531 1118 1618 nuptiis
1179 1531 1483 1597 Mercurii
1552 1536 1621 1597 et
1694 1530 2082 1618 Philologiae
2161 1533 2358 1598 efficit
2432 1532 2734 1598 sua-viter

634 1637 671 1664 “
717 1632 1145 1698 modulantes.
1237 1630 1408 1698 ⁷Sed
1461 1632 1520 1698 O
1564 1631 1781 1698 dolor!
1838 1632 1897 1698 O
1946 1633 2264 1718 gemitus!
2313 1633 2371 1699 O
2420 1633 2729 1720 lacryma,

635 1740 670 1767 “
714 1734 1012 1821 suspiria,
1082 1739 1151 1800 et
1219 1734 1596 1821 singultus!
1674 1734 2071 1823 rogantibus
2149 1735 2365 1816 nobis,
2432 1741 2503 1802 et
2575 1737 2731 1801 sub-

631 1843 668 1869 “
712 1836 1116 1923 rogantibm,
1173 1842 1270 1917 ut,
1333 1836 1659 1901 inclinata
1721 1837 1862 1921 jam
1928 1837 2055 1916 die,
2131 1837 2373 1903 faceret
2433 1838 2541 1902 vir
2600 1838 2730 1904 iste

632 1948 663 1975 “
707 1938 1048 2004 nobiseum
1123 1960 1465 2005 coenarum
1528 1959 1763 2019 moras,
1825 1937 1852 1976 ⁸
1874 1939 2077 2004 finxit
2150 1960 2218 2004 se
2290 1939 2554 2027 longius
2617 1940 2729 2020 ire,

632 2047 666 2072 “
711 2044 780 2105 et
809 2041 1084 2118 subite,
1129 2041 1514 2127 priusquam
1564 2038 1996 2126 frangebatur
2054 2040 2261 2126 panis,
2310 2042 2590 2108 evanuit
2649 2043 2734 2106 ab

634 2148 670 2175 “
717 2142 923 2207 oculis
963 2142 1222 2209 nostris.
1312 2141 1416 2207 De
1461 2164 1593 2227 quo
1635 2141 1827 2220 facte,
1875 2142 2003 2206 etsi
2048 2163 2168 2228 pro
2199 2149 2362 2208 tunc
2391 2165 2526 2209 non
2558 2166 2739 2230 mag-

636 2250 671 2276 “
720 2265 840 2308 nas
888 2267 1077 2309 curas
1126 2245 1395 2331 egimuS,
1447 2265 1565 2309 nec
1613 2243 1782 2309 citra
1829 2243 2096 2309 solitum
2149 2245 2414 2311 vultum
2467 2245 2738 2312 deflexi-

636 2353 672 2379 “
718 2367 867 2410 mus
926 2347 996 2410 in
1061 2344 1430 2432 ⁹supinum‚
1493 2346 1840 2411 venientes
1889 2353 2117 2411 tamen
2166 2347 2239 2410 in
2301 2346 2353 2384 ¹⁰
2377 2346 2739 2425 Galilaea1n‚

634 2455 666 2482 “
711 2446 1189 2532 audientesque
1212 2447 1610 2534 adiscipulis
1634 2446 1775 2532 ejus
1798 2447 2087 2532 qualiter
2121 2447 2228 2511 vir
2258 2448 2365 2513 ille
2396 2454 2541 2513 erat
2569 2450 2740 2514 alter

634 2557 668 2586 ‘⁶
711 2548 1032 2630 ¹¹Oieero,
1080 2550 1214 2634 qui,
1275 2570 1407 2636 quo
1468 2549 1665 2615 modo
1741 2549 2051 2615 Christus
2093 2549 2164 2615 in
2208 2550 2447 2615 Judaea
2506 2551 2738 2616 divina

635 2659 670 2686 ‘⁶
713 2651 957 2717 fecerat
1007 2651 1262 2717 virtute
1308 2657 1379 2718 et
1431 2651 1664 2716 audire
1711 2651 1942 2717 surdos
1984 2657 2054 2718 et
2100 2658 2319 2718 mutos
2377 2651 2576 2738 loqui,
2638 2654 2737 2717 ita

637 2762 672 2788 “
717 2754 857 2840 ipse
897 2756 970 2819 in
1003 2754 1204 2820 Italia
1233 2760 1378 2820 arte
1423 2752 1470 2791 ¹²
1489 2754 1866 2821 Rhetoricae
1906 2759 2246 2822 mutorum
2285 2755 2550 2842 linguas
2579 2756 2737 2822 fecit

638 2864 672 2890 “
717 2856 1016 2936 disertas,
1047 2857 1276 2943 vigore
1322 2855 1720 2942 eloquentiae
1774 2857 2123 2923 surdorum
2175 2878 2370 2922 aures
2414 2856 2739 2922 reddebat

638 2964 673 2991 “
718 2964 1029 3039 attentas»,
1076 2964 1145 3024 et
1197 2980 1519 3045 pauperes
1567 2958 1640 3022 vi
1691 2957 1940 3045 linguae
1988 2959 2217 3025 docuit
2266 2958 2740 3045 evangelizare,

640 3066 675 3094 “
720 3081 797 3125 ac
855 3081 1055 3145 supra
1101 3060 1544 3146 Amphionem
1590 3064 1660 3125 et
1706 3060 2043 3145 Orpheum
2102 3060 2421 3126 miracula
2467 3062 2737 3149 operari,

642 3169 679 3196 ‘⁴
725 3161 1069 3226 tristitiam
1119 3158 1174 3199 ¹⁸
1189 3162 1482 3248 cepimus
1511 3162 1584 3227 in
1638 3161 1973 3240 vitalibus,
2016 3163 2523 3249 contristatique
2571 3163 2743 3227 dixi-

642 3270 681 3298 “
730 3285 876 3328 mus
922 3263 992 3326 in
1036 3261 1089 3301 ¹⁴⁵
1103 3262 1511 3329 abundantia
1556 3263 1832 3350 spiritus
1854 3271 1981 3344 ;—‘
2031 3264 2088 3329 Ο
2133 3264 2414 3341 utinam,
2464 3264 2743 3340 utinam,

641 3372 682 3401 “
728 3371 744 3400 ‘
773 3366 994 3446 immo,
1049 3364 1107 3430 Ο
1156 3365 1413 3431 utinam
1462 3373 1532 3431 et
1560 3366 1844 3446 utinam,
1887 3365 2165 3443 utinam,
2196 3365 2486 3430 dedisset
2533 3365 2742 3445 nobis,

638 3475 673 3502 “
721 3476 738 3501 ‘
768 3467 925 3532 dum
957 3466 1297 3532 nobiscum
1328 3467 1724 3554 loquebatur
1756 3466 1830 3531 in
1859 3466 1986 3544 via,
2020 3466 2104 3532 de
2150 3471 2342 3533 tanto
2387 3466 2534 3531 viro
2565 3467 2744 3531 Deus

637 3579 672 3605 “
719 3580 734 3605 ‘
762 3570 1095 3650 notitiam,
1127 3576 1455 3656 quatenus
1485 3593 1528 3635 a
1556 3569 1917 3636 nativitate
1946 3569 2142 3635 simul
2186 3570 2387 3636 surdo
2436 3573 2507 3635 et
2560 3576 2744 3635 muto

639 3680 672 3706 “
721 3680 736 3706 ‘
765 3672 1062 3758 linguam
1105 3677 1377 3759 rogatus
1423 3671 1787 3759 aperuisset
1814 3672 1839 3714 ⁷
1864 3673 1981 3738 sed
2026 3677 2097 3738 et
2140 3694 2384 3751 aurem,
2413 3695 2490 3738 ac
2520 3673 2742 3739 nobis-

640 3780 676 3809 “
725 3781 739 3807 ‘
769 3795 918 3839 cum
947 3774 1308 3839 liberaliter
1337 3774 1798 3862 participasset
1826 3775 1908 3840 de
1937 3774 2162 3841 ditiori
2191 3775 2423 3842 aerario
2452 3797 2590 3842 suae
2618 3776 2741 3841 im-

709 4058 879 4109 ¹idria
923 4059 977 4108 in
1022 4059 1134 4110 MS.
1226 4061 1288 4109 In
1332 4059 1545 4111 allusion
1590 4070 1643 4111 to
1803 4060 1825 4091 ⁸
1843 4061 1961 4122 lixit
1982 4060 2033 4110 iu
2056 4059 2168 4110 MS.

639 4137 775 4187 John
797 4138 851 4200 ii,
873 4145 921 4199 6,
943 4144 990 4190 9.
1803 4140 1825 4170 ⁹
1846 4139 2106 4204 suppinum
2131 4136 2182 4188 in
2205 4138 2317 4188 MS.

708 4217 731 4250 2
752 4218 977 4267 Raetiam
1000 4218 1052 4267 in
1077 4218 1190 4268 MS.
1807 4218 1846 4250 ¹⁰
1868 4219 1930 4267 In
1955 4217 2171 4267 allusion
2195 4224 2249 4267 to
2272 4215 2412 4268 Lake
2436 4216 2576 4269 xxiv.
2603 4224 2650 4268 6.

709 4296 732 4328 ³
753 4296 1084 4361 Apparently,
1106 4296 1343 4346 mititiam
1368 4296 1420 4346 in
1443 4298 1555 4348 MS.
1806 4297 1842 4330 ¹¹
1868 4297 2078 4348 Cic-hero
2102 4297 2156 4348 in
2180 4298 2297 4348 MS.

710 4375 731 4406 ⁴
753 4376 815 4425 In
837 4374 1053 4425 allusion
1075 4382 1129 4425 to
1153 4374 1322 4425 Psalm
1345 4374 1440 4425 civ.
1473 4381 1546 4426 15.
1806 4376 1849 4409 ¹²
1868 4375 2144 4427 Reclum'coe
2165 4377 2219 4427 in
2245 4378 2357 4429 MS.

709 4454 730 4486 ⁵
757 4452 972 4504 Clionem
993 4453 1044 4504 in
1067 4454 1183 4506 MS.
1810 4456 1849 4489 ¹²
1869 4457 2078 4520 sepimus
2096 4457 2150 4506 in
2166 4456 2282 4507 MS.

708 4532 730 4564 ⁶
752 4531 823 4582 M
821 4532 1056 4599 elpomaeme
1078 4534 1133 4585 in
1154 4534 1268 4586 MS.
1811 4534 1849 4567 ¹⁴
1873 4533 2212 4585 habundantia
2233 4532 2288 4585 in
2309 4534 2423 4584 MS.

709 4611 731 4650 τ
757 4612 917 4662 sain
939 4598 1067 4664 MSS
