3467 5717
869 768 1000 835 364
1507 780 1826 833 Annum
1868 780 2299 833 nouasrnm1

529 979 667 1031 ΑΛ).
697 984 839 1032 1433.
958 972 992 1002 “
1038 967 1274 1033 Pastor
1316 968 1592 1056 magmfi‘
1591 989 1680 1052 ce,
1732 967 1970 1034 vellem
2018 972 2089 1035 te
2130 968 2404 1055 magmfi'
2406 990 2565 1048 care,

528 1070 716 1121 verses
740 1072 827 1121 ad·
958 1074 994 1104 “
1039 1068 1312 1136 Viscera
1355 1070 1574 1137 tincta
1618 1068 1644 1109 ¹
1665 1070 1882 1160 Styge
1914 1070 1972 1136 si
2016 1070 2211 1138 scires
2254 1071 2676 1137 mollificare:

527 1137 825 1319 ξῗξῗδὲἶ
957 1176 995 1207 «ι
1041 1171 1119 1238 si
1162 1173 1361 1240 scires
1404 1173 1706 1261 precibus
1749 1195 2204 1241 mansuem-e
2246 1173 2636 1254 flebilitatis,

527 1276 583 1319 to
956 1280 994 1309 u
1590 1276 1605 1291 .
1911 1277 1927 1292 .
2412 1275 2427 1291 .
2592 1275 2607 1289 .

527 1333 801 1453 {mas
959 1380 997 1410 «ι
1039 1273 1410 1458 ὲέῗΠΞὲῗῃῖῗ
1437 1276 2809 1465 ῙίῖῖἑξεἬῗᾶῗξῗῗΐωὛῗω,

962 1484 998 1514 “
1044 1478 1331 1546 Fiebant
1374 1481 1617 1562 molles,
1664 1480 2021 1569 cupiebant
2062 1479 2377 1566 celtaeque
2421 1479 2604 1557 findi,

959 1587 998 1617 “
1043 1582 1205 1661 Aut,
1249 1582 1438 1648 velut
1480 1583 1715 1650 Alecto
1761 1583 2258 1650 mansuescebat
2301 1581 2622 1662 furiendo,

961 1690 997 1718 “
1044 1684 1267 1763 Quum
1313 1688 1568 1772 peteret
1611 1685 1863 1767 Manes,
1909 1690 1980 1753 et
2022 1684 2332 1773 psalleret
2373 1683 2599 1771 aptius
2645 1681 2969 1769 Orpheus,

959 1792 996 1821 “
1042 1785 1263 1852 Velles
1305 1786 1650 1852 incautum
1693 1784 1721 1825 ²
1741 1787 2036 1876 rogitatu
2079 1787 2339 1853 flectere
2383 1790 2635 1864 votum,

959 1893 996 1923 “
1041 1887 1297 1955 Vellem
1342 1888 1696 1956 dulcisonis
1739 1896 1809 1956 te
1854 1889 2275 1977 magnificare
2321 1887 2675 1968 Camoenis,

958 1996 996 2026 “
1044 1988 1136 2054 Et
1179 1995 1437 2077 patrem
1483 1996 1748 2078 patrum
1795 1991 2109 2072 vocitare,
2155 1991 2485 2078 piumque,
2529 1989 2919 2055 modestum.

959 2099 994 2127 “
1040 2092 1174 2158 Sed
1218 2093 1377 2180 quia
1419 2114 1541 2159 nec
1585 2093 1859 2170 cithara,
1904 2094 1933 2133 ⁸
1953 2092 2120 2181 lyra,
2169 2092 2654 2181 psalteriumve,
2701 2090 2919 2169 viella,

958 2200 996 2229 “
1042 2193 1188 2260 Scit
1229 2190 1454 2260 semel‘
1473 2215 1815 2262 accensam
1862 2195 1995 2261 tibi
2040 2196 2272 2261 tollere
2315 2194 2600 2283 pectoris
2642 2194 2827 2274 itm,

956 2303 994 2332 “
1037 2297 1182 2362 Aut
1226 2296 1453 2363 odium
1499 2298 1759 2380 mentis,
1805 2297 1962 2364 licet
2006 2304 2150 2365 oret
2193 2298 2487 2384 lacryma
2529 2296 2790 2377 flentis3

957 2404 994 2434 “
1040 2400 1239 2481 Hinc,
1272 2422 1650 2487 quanquam
1680 2401 2026 2482 modicam,
2072 2423 2192 2488 pro
2210 2398 2559 2488 ‘proposita
2599 2398 2630 2439 ⁴
2647 2399 2970 2465 comoedia

957 2508 994 2537 “
1038 2502 1424 2568 Describam
1469 2501 1825 2590 “satyram
1873 2507 2068 2569 canet
2111 2501 2283 2568 hanc
2325 2500 2651 2568 subrauca
2677 2498 2965 2567 “Thalia

954 2610 992 2639 “
1034 2601 1061 2644 ⁷
1082 2603 1351 2670 Nomen
1394 2605 1588 2691 quale
1633 2604 1827 2692 geris,
1872 2604 1946 2670 in
1987 2604 2166 2669 facto
2209 2604 2346 2669 tale
2389 2604 2676 2683 mereris,

952 2710 990 2739 “
1036 2705 1215 2771 Talis
1259 2726 1329 2771 es
1373 2711 1444 2772 et
1489 2726 1686 2784 more,
1741 2706 1953 2792 qualis
1996 2706 2309 2773 vocitaris
2352 2704 2437 2771 ab
2481 2726 2605 2772 ore.

954 2812 989 2841 “
1038 2805 1217 2888 Quid
1261 2812 1459 2873 sonat
1503 2812 1879 2895 utrumque,
1922 2830 2042 2896 per
2086 2808 2328 2895 vulgus
2371 2807 2429 2873 si
2474 2811 2817 2887 reseretur,

952 2914 988 2945 “
1032 2909 1228 2975 Dicet
1274 2908 1691 2995 quidcunque
1737 2908 1946 2975 latius
1989 2909 2074 2975 ab
2121 2913 2268 2975 arte
2312 2909 2627 2995 loquetur.

955 3019 989 3049 “
1033 3012 1103 3077 N
1102 3011 1154 3076 il
1198 3011 1330 3076 nisi
1373 3011 1547 3078 velle
1591 3032 1793 3098 grave
1838 3011 1968 3077 tibi
2012 3012 2235 3101 signat
2277 3033 2516 3077 nomen
2557 3016 2931 3096 utrumque,

953 3119 989 3150 “
1033 3115 1210 3180 Nam
1253 3134 1390 3180 non
1437 3112 1889 3181 ‘Willelmus’
1935 3113 2096 3200 quia
2138 3114 2246 3179 vir
2289 3136 2361 3180 es
2403 3114 2639 3180 diceris
2680 3113 2916 3194 almus,

954 3221 991 3250 “
1037 3216 1181 3281 Nec
1223 3216 1381 3303 quia
1424 3212 1607 3281 more
1649 3216 1846 3296 vireS,
1893 3221 1910 3251 ‘
1932 3213 2203 3281 Alwik’
2246 3220 2425 3281 recte
2468 3214 2801 3294 vocitariS,

953 3325 989 3354 “
1034 3316 1061 3357 ⁸
1082 3319 1297 3384 Immo
1340 3317 1566 3407 magia
1599 3318 1761 3404 quia
1804 3317 1910 3383 vis
1957 3316 2184 3405 gravis
2229 3323 2330 3384 est
2360 3322 2482 3384 tua
2509 3323 2693 3384 mota
2728 3304 2964 3382 holun-

1037 3426 1074 3457 ιι
1118 3425 1241 3503 tas,

924 3716 942 3749 ¹
970 3716 1107 3780 Stiyc
1130 3715 1184 3766 in
1204 3718 1317 3769 MS.
1946 3720 1981 3746 “
2011 3716 2325 3781 frah-msto
2337 3721 2555 3784 gyratione
2569 3717 2833 3784 plan-inm·
2853 3735 2966 3769 σαι-

923 3796 946 3829 2
969 3795 1057 3847 Sic
1080 3795 1134 3845 in
1157 3794 1272 3845 MS.
1956 3799 1987 3824 “
2026 3802 2108 3845 tra
2138 3798 2431 3847 successoris
2462 3797 2699 3848 malitiam
2731 3798 2963 3863 dqfcnsoe-

923 3874 945 3908 3
966 3874 1065 3925 lira
1087 3873 1140 3923 in
1163 3873 1279 3925 MS.
1956 3877 1987 3904 “
2020 3883 2109 3926 ret.
2178 3874 2570 3941 Interpretenw
2602 3878 2761 3942 ἐρίων
2792 3878 2844 3926 in
2866 3894 2963 3926 nue-

923 3952 1440 4005 ⁴commcdiainMS.
1954 3956 1989 3983 “
2026 3952 2125 4003 lius
2157 3955 2452 4019 omn‘aquoe
2488 3953 2571 4005 laic
2603 3954 2963 4006 mittuntur&

923 4037 945 4067 ⁸
962 4036 1166 4086 satiram
1187 4033 1240 4083 in
1260 4033 1373 4085 MS.
1952 4034 1987 4061 “
2022 4034 2333 4098 ignominiam
2386 4034 2594 4099 φαίνεθ’
2684 4034 2797 4085 The
2827 4034 2964 4086 Note

921 4113 944 4147 ⁰
973 4113 1124 4164 Talia
1145 4113 1198 4163 in
1217 4111 1334 4164 MS.
1955 4125 2059 4161 was
2095 4113 2293 4163 written
2330 4113 2577 4177 probably
2610 4115 2833 4164 between
2872 4114 2961 4165 the

922 4193 946 4232 7
966 4193 1022 4243 A
1049 4191 1294 4258 marginal
1317 4189 1451 4242 Note
1474 4189 1520 4241 is
1539 4190 1660 4241 here
1682 4191 1861 4248 added,
1954 4190 2170 4241 Abbot's
2221 4190 2531 4256 resignation
2582 4190 2634 4240 in
2685 4196 2830 4254 1440,
2861 4193 2963 4242 and

856 4272 913 4322 in
929 4287 961 4321 a
976 4270 1250 4322 somewhat
1265 4270 1395 4321 later
1416 4270 1553 4320 hand
1568 4272 1685 4321 :—“
1702 4268 1862 4330 Nota,
1952 4268 2033 4318 his
2067 4269 2363 4320 re-election
2403 4284 2460 4320 as
2498 4271 2676 4320 Abbot
2712 4269 2767 4320 in
2807 4275 2951 4322 1450.

858 4353 895 4382 ‘⁶
924 4348 1052 4416 quod
1092 4349 1289 4399 Proesul
1319 4350 1412 4398 iste
1456 4356 1554 4399 tam
1589 4356 1763 4414 gratus
1796 4365 1860 4398 ac
1950 4348 2180 4400 william
2216 4349 2461 4400 Alnewik
2500 4350 2635 4413 died,
2672 4349 2866 4415 Bishop
2904 4351 2970 4401 of

853 4436 886 4459 “
921 4431 1169 4495 yraliosus
1185 4428 1313 4478 dicto
1335 4426 1524 4477 Abbati
1544 4426 1727 4491 ἱερέων
1743 4445 1859 4492 ρας-
1949 4426 2180 4489 Lincoln,
2202 4428 2257 4479 in
2284 4433 2428 4479 1449.

853 4514 887 4538 “
922 4509 1073 4559 terim
1092 4508 1281 4572 finisse,
1325 4504 1455 4571 quod
1495 4507 1670 4571 ἰρειιηι,
1713 4513 1856 4571 post-
2014 4505 2039 4539 ⁸
2070 4505 2258 4559 Ymoin
2279 4507 2392 4560 MS.

851 4593 884 4618 “
920 4603 1068 4654 quam
1122 4588 1473 4653 νεείφιαυοναε,
1522 4583 1747 4651 diliyeret
1803 4591 1859 4636 ut
