3467 5717
759 822 889 899 278
1410 831 1726 883 ANNALES
1769 828 2194 882 nouas'rsnn

420 1059 531 1105 A.D.
542 1064 657 1113 lm.
672 1065 737 1108 80.

851 1033 890 1067 ‘¹
920 1024 1243 1107 Quotiens
1314 1023 1585 1109 insuper
1657 1020 1926 1106 aliquod
1985 1039 2151 1085 onus
2212 1018 2463 1106 grande
2526 1017 2864 1085 emerserit

763 1136 799 1166 “
845 1130 919 1195 in
963 1125 1315 1206 communi,
1344 1126 1486 1191 sive
1530 1124 1606 1189 in
1649 1122 2082 1208 reparatione,
2114 1121 2257 1189 sive
2300 1122 2374 1187 in
2417 1121 2860 1208 placitatione,

762 1240 798 1269 “
843 1232 984 1299 sive
1051 1230 1124 1294 in
1199 1250 1270 1295 re
1332 1227 1467 1293 alia
1524 1246 1933 1312 quacunque,
1993 1223 2582 1310 quomodocunque
2647 1224 2860 1289 conti-

762 1341 798 1370 “
844 1334 1034 1420 gerit,
1066 1329 1441 1409 statuimus,
1473 1327 1870 1405 ordinemne,
1900 1330 1971 1392 et
2015 1326 2342 1407 volumus,
2389 1325 2582 1412 quod,
2610 1325 2861 1413 praeha-

762 1446 797 1473 “
844 1437 1004 1501 bitis
1047 1455 1243 1521 super
1286 1433 1409 1499 hoc
1452 1430 1741 1498 Abbatis
1769 1452 1889 1516 pro
1935 1434 2230 1517 tempore
2259 1428 2625 1509 existentis,
2657 1429 2862 1515 majo-

764 1547 797 1575 “
842 1538 1061 1625 risque
1106 1540 1177 1603 et
1218 1533 1499 1603 sanioris
1528 1532 1736 1621 partis
1770 1532 2085 1619 Capituli,
2115 1553 2233 1598 seu
2263 1531 2665 1612 Conventus,
2695 1553 2863 1618 prae-

764 1648 801 1676 “
846 1639 1028 1720 dicti,
1090 1638 1517 1716 avisamentO,
1572 1635 1940 1714 libramine,
1985 1641 2055 1702 et
2098 1657 2433 1714 consensu,
2507 1634 2864 1721 accipiatur
2987 1682 2992 1689 .

765 1750 799 1780 “
843 1743 926 1810 de
970 1741 1138 1809 cista
1180 1740 1503 1828 praedicta
1547 1738 1702 1805 talis
1747 1743 1818 1804 et
1846 1742 2043 1804 tanta
2086 1740 2323 1826 portio,
2369 1743 2639 1825 quanta,
2663 1739 2865 1824 juxta

761 1853 795 1880 “
842 1844 1348 1921 avisamentum,
1382 1842 1726 1921 libramen,
1759 1846 1831 1908 et
1860 1862 2248 1907 consensum
2276 1841 2392 1927 huj
2403 1840 2674 1919 asmodi,
2717 1861 2864 1926 pos-

760 1954 797 1983 “
842 1948 934 2015 sit
976 1946 1003 1985 ¹
1020 1944 1483 2013 communitati
1527 1966 1647 2031 pro
1676 1948 1839 2011 tunc
1885 1945 1958 2009 in
2001 1944 2139 2009 suis
2184 1943 2562 2029 hujusmodi
2591 1942 2864 2009 necessi-

762 2059 797 2085 “
842 2048 1097 2117 tatibus
1126 2047 1496 2117 subvenire,
1586 2046 1909 2113 Volumus
1953 2046 2172 2127 etiam,
2220 2047 2398 2133 quod
2442 2045 2518 2111 in
2561 2044 2866 2112 omnibus

767 2159 800 2187 “
845 2156 916 2217 et
958 2150 1237 2238 singulis
1268 2149 1521 2217 mutuis
1565 2153 1636 2215 et
1678 2147 2208 2235 expositionibus
2237 2149 2655 2236 supradictis,
2687 2168 2867 2213 men-

766 2262 801 2291 “
845 2254 1137 2321 suratrix
1166 2274 1437 2340 semper,
1468 2256 1537 2318 et
1566 2251 1994 2334 moderatrix,
2027 2252 2118 2317 sit
2161 2252 2512 2333 disereti03
2557 2273 2680 2318 nec
2707 2252 2868 2317 adeo
2937 2332 2956 2341 ,

766 2364 801 2393 “
847 2356 1277 2425 immoderate
1323 2357 1396 2420 in
1460 2354 1851 2421 necessitate
1893 2355 2119 2441 aliqua
2178 2355 2544 2442 accipiatur
2603 2379 2646 2420 a
2702 2354 2869 2419 cista

767 2469 801 2496 “
847 2460 1181 2547 praediota,
1243 2459 1408 2546 quin
1450 2479 1706 2545 semper
1770 2462 2112 2524 remaneat
2172 2457 2248 2522 in
2316 2458 2561 2536 eadem,
2609 2458 2689 2523 de
2734 2478 2867 2543 qua

770 2570 806 2599 “
852 2563 1061 2649 possit
1105 2567 1337 2631 contra
1395 2582 1583 2628 casus
1626 2559 2010 2646 hujusmodi
2064 2557 2526 2626 ²occurrentes
2584 2580 2869 2647 congrue

769 2672 803 2702 “
846 2658 1197 2751 provideri.
1291 2663 1682 2729 Mutuantes
1724 2684 1887 2730 vero
1931 2667 2004 2729 et
2057 2668 2365 2731 mutuum
2411 2662 2692 2729 termino
2752 2663 2865 2728 de-

768 2774 803 2803 “
848 2767 991 2835 bito
1034 2788 1173 2833 nnn
1216 2766 1549 2833 solventes
1593 2767 1693 2833 ita
1733 2766 1961 2853 puniri
2005 2766 2456 2833 decernimus:
2504 2788 2581 2831 ac
2623 2770 2866 2852 praeter

769 2875 804 2905 “
848 2874 1078 2935 notam
1144 2866 1562 2935 infidelitatis
1628 2890 1830 2955 quam
1892 2869 1912 2934 i
1919 2890 2186 2955 psorum
2244 2867 2599 2954 quemlibet
2644 2868 2864 2933 incur-

768 2982 804 3008 “
847 2993 989 3039 rere
1050 2973 1357 3038 volumus
1421 2970 1565 3058 ipso
1630 2971 1830 3051 facte,
1905 2971 2189 3038 ulterius
2254 2971 2473 3052 etiam,
2537 2970 2612 3035 in
2671 2970 2866 3057 pleno

767 3080 803 3110 “
847 3075 1160 3162 Capitulo
1219 3096 1438 3140 coram
1507 3073 1814 3141 omnibus
1873 3074 2266 3160 poeniteant,
2326 3073 2413 3139 ab
2479 3073 2734 3159 hiisque
2797 3073 2872 3136 in

750 3185 804 3260 ,“
849 3200 1010 3265 quos
1070 3177 1487 3266 peccaverint
1561 3175 2079 3243 misericordiam
2153 3181 2409 3263 petant,
2483 3175 2872 3263 publiceque

769 3288 806 3318 “
852 3281 1255 3368 promittant
1315 3280 1492 3367 quod
1538 3278 1955 3346 commissum
2024 3278 2340 3347 delictum
2406 3279 2477 3343 in
2542 3282 2871 3365 posterum

770 3390 807 3419 “
850 3384 1287 3451 effectualiter
1330 3382 1801 3450 emendabunt.

436 3511 652 3562 Sources
674 3510 735 3561 of

435 3579 618 3642 supply
639 3577 719 3628 for
771 3594 806 3627 ce

436 3643 562 3695 such
585 3644 739 3695 chent.
771 3698 785 3725 ι

859 3493 895 3529 “
939 3487 1180 3566 Tei-tie,
1209 3492 1290 3553 ut
1319 3487 1487 3552 cista
1518 3485 1664 3572 jam
1695 3485 1876 3552 dicta
1917 3483 2161 3551 habeat
2204 3484 2382 3551 unde
2411 3506 2454 3549 a
2486 3487 2694 3561 tante,
2722 3483 2876 3549 licet

848 3611 983 3655 non
1036 3611 1078 3654 a
1137 3593 1298 3669 toto,
1343 3592 1706 3676 egestatem
1766 3588 2298 3675 uniuscujusque,
2346 3587 2421 3652 in
2472 3586 2686 3652 forma
2745 3607 2876 3672 qua

790 3700 804 3727 ‘
850 3690 1250 3778 praedicitur,
1296 3690 1588 3757 relevare
1652 3694 1870 3776 queat,
1918 3689 2003 3755 ad
2063 3689 2273 3776 ipsius
2333 3689 2745 3755 dotationem
2805 3693 2876 3753 et

772 3800 807 3831 “
852 3793 1276 3859 crescentiam
1321 3792 1734 3879 procedimus
1778 3814 1899 3880 per
1941 3793 2117 3857 hunc
2161 3790 2875 3878 modum—InprimiS,

772 3904 808 3931 “
853 3896 1229 3974 statuimus,
1276 3893 1675 3976 ordinamus,
1721 3899 1793 3961 et
1837 3894 2160 3973 volumus,
2205 3896 2381 3981 quod
2428 3894 2514 3960 de
2571 3894 2876 3960 omnibus

775 4008 810 4039 “
854 3999 1046 4067 donis
1105 3998 1480 4065 Conventui
1539 3998 1858 4085 praedicto
1920 3998 2503 4084 quomodocunque
2565 3997 2878 4083 qualiter-

773 4108 808 4137 “
854 4122 1193 4189 cunqueve
1239 4101 1431 4179 datis,
1478 4121 1592 4166 seu
1639 4099 1983 4180 donandis,
2032 4122 2291 4186 semper
2343 4101 2635 4166 decimus
2680 4099 2876 4165 dena-

778 4212 811 4239 “
853 4205 993 4270 rius
1046 4203 1384 4285 debeatur,
1428 4202 1765 4282 reddatur,
1828 4207 1899 4268 et
1942 4201 2270 4268 inferatur
2312 4202 2387 4267 in
2433 4204 2664 4268 cistam
2709 4223 2878 4288 prae·

775 4312 812 4345 “
859 4305 1121 4372 dictam.
1217 4306 1412 4386 Item,
1445 4326 1671 4373 omnes
1706 4305 2008 4391 pecuniae
2051 4326 2217 4391 quas
2262 4309 2382 4371 aut
2426 4306 2499 4370 in
2527 4306 2730 4371 bursa
2759 4310 2879 4371 aut

777 4414 814 4447 “
858 4408 931 4473 in
976 4407 1255 4475 Oamera
1298 4412 1448 4495 pont
1490 4429 1560 4473 se
1604 4406 1954 4474 dimittent
1995 4406 2233 4474 fratres
2281 4408 2678 4489 claustrales,
2728 4430 2876 4474 cum

2697 4586 2822 4593 ——-—

843 4678 861 4712 ¹
881 4678 1162 4729 comanitas·
1183 4679 1237 4730 in
1259 4681 1374 4731 MS.
1873 4684 2031 4746 tioque
2077 4683 2251 4747 ipsius.
2274 4712 2344 4725 -
2367 4684 2771 4752 Supemcription
2827 4693 2880 4736 to

839 4759 860 4791 ‘·’
882 4759 1137 4808 Institutio
1158 4756 1396 4825 Μαρίων·
1418 4760 1598 4824 operis,
1637 4759 1774 4812 dota-
1853 4761 1994 4811 solio
2020 4768 2082 4813 83
2099 4764 2146 4813 b.
