3467 5717
1348 732 1589 784 SANC‘H
1636 728 2679 788 ALBAN1.321

567 916 917 1002 “quidem
965 918 1163 985 breve
1196 919 1368 985 idem
1400 921 1780 1009 Episcopus),
1822 923 2024 1008 juxta
2053 924 2332 989 formam
2379 929 2447 993 et
2492 926 2681 991 effec·
2710 936 2843 987 A..D
2874 944 3015 991 1⁴:33

589 1023 795 1084 ‘tum
840 1019 1153 1137 ejusdem,
1202 1027 1303 1088 est
1348 1030 1709 1104 executus;
1754 1029 1955 1111 prout
1999 1046 2119 1112 pro
2167 1026 2454 1092 Domino
2498 1028 2679 1117 Rege

562 1123 945 1209 “superius
977 1128 1078 1190 est
1107 1124 1486 1211 allegatum.
1565 1126 1786 1208 Quam
1816 1127 2085 1214 quidem
2114 1130 2462 1196 materiam
2507 1153 2675 1218 prae-

559 1230 595 1259 “
639 1223 816 1290 fatus
876 1225 922 1291 J
926 1225 1220 1293 ohannes
1266 1227 1623 1317 Vampage,
1674 1251 1793 1316 pro
1856 1229 2087 1296 eodem
2142 1230 2431 1298 Domino
2495 1232 2675 1321 Rege

558 1332 595 1361 “
641 1333 915 1413 paratus
960 1329 1316 1409 verificare,
1366 1330 1914 1418 qualitercunque
1961 1331 2166 1400 Curia
2211 1341 2271 1399 et
2315 1341 2564 1401 coetera.

650 1434 685 1463 “
718 1430 808 1496 Et,
865 1430 954 1495 ad
1016 1430 1362 1497 materiam
1424 1453 1541 1518 per
1601 1432 1954 1519 praefatum
2002 1433 2298 1499 Priorem
2345 1436 2541 1503 modo
2604 1442 2675 1503 et

558 1535 595 1566 ‘⁴
640 1528 851 1597 forma
895 1532 1195 1620 superius
1237 1532 1618 1619 placitando
1677 1534 2051 1621 allegatam,
2101 1535 2277 1602 idem
2331 1537 2378 1602 J
2379 1537 2673 1604 ohannes

558 1636 594 1666 “
641 1632 1002 1721 Wampage
1061 1655 1318 1701 necesse
1377 1656 1516 1701 non
1568 1634 1793 1717 habet,
1842 1657 1959 1725 per
2010 1637 2222 1724 legem
2285 1644 2501 1720 terrae,
2547 1661 2669 1726 pro

555 1739 593 1768 “
634 1735 863 1802 eodem
931 1734 1219 1802 Domino
1289 1737 1471 1824 Rege
1546 1737 1985 1824 respondere3
2062 1739 2239 1804 unde
2307 1740 2485 1806 idem
2546 1742 2593 1807 J
2596 1764 2666 1808 o-

550 1840 590 1872 “
633 1836 883 1905 hannes
941 1837 1117 1925 petit
1161 1861 1279 1925 pro
1332 1839 1564 1906 eodem
1612 1839 1899 1905 Domino
1944 1841 2123 1928 Rege
2174 1840 2552 1926 judicium3
2595 1849 2666 1911 et

551 1945 589 1974 ‘⁸
634 1939 810 2025 quod
838 1940 1196 2031 praedictus
1225 1940 1417 2007 Prior
1461 1941 1549 2006 ad
1578 1942 2097 2029 computandum
2145 1943 2227 2009 de
2257 1944 2485 2009 eadem
2531 1967 2666 2011 me-

551 2044 587 2074 “
632 2040 880 2108 dietate
925 2041 1215 2124 decimae,
1252 2042 1459 2130 juxta
1505 2043 1788 2109 formam
1820 2044 2020 2110 dictae
2050 2044 2518 2131 deputationis,
2553 2070 2668 2134 per

544 2147 588 2179 “
633 2144 985 2230 praefatum
1048 2144 1443 2232 Episcopum
1510 2145 2010 2212 Norwicensem
2071 2146 2283 2227 factae,
2330 2152 2400 2214 et
2446 2147 2666 2214 Curia}

547 2250 587 2278 “
631 2245 739 2311 hic
783 2245 1181 2326 certificatae,
1228 2246 1660 2334 compellatur
1703 2250 1774 2313 et
1818 2253 2145 2327 oneretur,
2195 2255 2254 2314 et
2300 2255 2553 2317 σφίσι-α.

638 2353 675 2383 “
698 2347 791 2414 Et
835 2347 1191 2436 praedictus
1238 2348 1427 2414 Prior
1471 2348 1651 2428 dicit,
1700 2349 1882 2436 quod
1928 2349 2085 2438 ipse,
2118 2372 2234 2437 per
2279 2350 2501 2437 aliqua
2546 2375 2664 2439 per

545 2456 583 2485 “
628 2450 980 2537 praefatum
1025 2449 1073 2516 J
1077 2450 1405 2516 ohannem
1471 2451 1814 2538 Vampage
1882 2452 2181 2538 superius
2226 2452 2528 2539 allegata,
2575 2454 2661 2519 ad

545 2558 581 2586 “
627 2552 1036 2619 reddendum
1084 2552 1375 2618 Domino
1422 2553 1591 2641 Regi
1636 2558 2016 2641 compotum
2063 2554 2145 2618 de
2190 2553 2370 2620 dicta
2417 2556 2659 2621 medie-

544 2661 580 2689 “
626 2660 766 2721 tate
813 2655 1081 2721 decimae
1126 2655 1428 2742 compelli
1472 2677 1584 2721 seu
1653 2655 1911 2721 onerari
1959 2676 2092 2720 non
2151 2655 2364 2721 debet.
2483 2657 2658 2737 Quia

545 2764 581 2791 “
627 2757 789 2823 dicit
834 2757 1008 2844 quod
1055 2759 1195 2846 ipse
1240 2762 1358 2840 est,
1406 2763 1476 2823 et
1518 2756 1665 2836 fuit,
1714 2762 2009 2844 tempore
2055 2759 2491 2823 concessionis
2522 2782 2656 2825 mc-

545 2864 581 2893 “
627 2859 895 2926 dietatis
959 2860 1227 2927 decimae
1295 2859 1647 2947 praedictae,
1694 2881 1737 2923 a
1780 2863 2078 2946 tempore
2128 2858 2323 2925 dictae
2393 2860 2656 2926 Convo—

541 2968 580 2999 “
625 2962 905 3028 cationis
949 2962 1104 3029 cleri
1150 2962 1349 3029 dictae
1393 2961 1781 3042 Pr0vinciae,
1830 2982 2087 3026 necnon
2140 2961 2475 3048 praedictae
2522 2986 2655 3028 cer-

543 3069 579 3099 “
625 3063 1029 3147 tificationis,
1107 3064 1295 3129 Prior
1357 3063 1698 3130 Prioratus
1773 3062 2114 3150 praedicti3
2192 3063 2307 3149 qui
2386 3063 2652 3149 quidem

542 3171 578 3201 “
624 3166 960 3234 Prioratus
1004 3172 1122 3247 est,
1171 3173 1241 3233 et
1285 3165 1415 3233 fuit
1460 3188 1502 3231 a
1545 3170 1691 3232 toto
1736 3170 2049 3251 tempore,
2096 3163 2282 3250 cujus
2335 3166 2652 3232 contrarii

540 3274 579 3303 “
623 3268 939 3334 memoria
981 3268 1326 3335 hominum
1370 3289 1508 3333 nou
1577 3267 1826 3347 existit,
1891 3288 2030 3331 una
2098 3265 2426 3332 Cellarum
2488 3290 2654 3354 prae—

539 3376 577 3406 “
625 3371 805 3437 dicto
851 3370 1250 3437 monasterio
1316 3370 1804 3457 subjectarum3
1869 3374 1939 3434 et
1999 3369 2426 3455 protestando
2472 3370 2651 3455 quod

536 3479 574 3508 “
618 3478 758 3538 tam
801 3495 980 3539 nunc
1008 3472 1239 3539 Abbas
1272 3471 1658 3538 Monasterii
1686 3470 2006 3557 praedicti,
2040 3491 2239 3556 quam
2287 3471 2427 3557 ipse
2459 3471 2649 3536 Prior
2685 3522 2710 3545 ,

538 3580 576 3610 “
622 3574 960 3642 Prioratus
1024 3575 1342 3664 praed-icti,
1390 3580 1460 3641 et
1527 3594 1754 3640 omnes
1823 3571 2327 3660 praedecessores
2371 3574 2495 3653 sui,
2559 3573 2645 3638 ab

537 3683 572 3712 “
620 3677 801 3742 omni
835 3677 1296 3765 jurisdictione
1326 3676 1679 3765 episcopali
1708 3680 1780 3740 et
1809 3673 2154 3752 ordinaria,
2187 3696 2273 3740 ex
2315 3675 2643 3762 antiquis—

536 3786 575 3815 “
619 3780 802 3845 simis
849 3780 1275 3866 temporibuS,
1323 3801 1364 3844 a
1407 3784 1699 3866 tempore
1746 3777 1933 3863 cujus
1963 3777 2279 3842 contrarii
2327 3779 2642 3843 memoria

532 3890 564 3916 “
612 3881 957 3948 hominum
1030 3903 1160 3948 non
1233 3881 1485 3961 existit,
1553 3880 1812 3966 excepti
1878 3884 1948 3944 et
2021 3878 2309 3945 absoluti
2384 3902 2640 3965 semper

535 3989 572 4017 “
618 3982 935 4050 hactenus
980 3984 1374 4064 extiterunt,
1422 3981 1606 4048 nullo
1637 3980 1855 4046 medio
1887 3979 2066 4044 inter
2110 3980 2284 4065 ipsos
2331 3984 2400 4043 et
2445 3979 2639 4044 Sum-

534 4091 572 4121 “
616 4107 799 4151 mum
830 4086 1216 4153 Pontificem
1245 4085 1591 4152 existente.
1687 4082 1816 4146 Pro
1862 4080 2108 4167 placito
2153 4081 2425 4165 insuper
2456 4079 2638 4161 dicit,

534 4192 571 4222 “
615 4187 793 4273 quod
824 4188 897 4253 in
930 4187 1418 4255 Convocatione
1448 4185 1772 4273 praedicta
1801 4184 1848 4249 J
1852 4182 2145 4248 ohannes
2186 4202 2365 4247 nunc
2409 4181 2641 4248 Abbas

533 4295 568 4323 “
616 4290 779 4355 dicti
823 4290 1209 4357 monasterii
1264 4288 1494 4356 Sancti
1538 4284 1808 4364 Albani,
1854 4304 1973 4371 pro
2027 4304 2096 4349 se
2164 4289 2232 4349 et
2299 4281 2640 4349 Prioribus

532 4396 567 4425 “
616 4391 949 4458 Cellarum
977 4413 1263 4470 suarum,
1286 4389 1432 4470 sibi,
1457 4395 1535 4455 ut
1566 4387 1965 4476 praedicitur,
1987 4385 2452 4472 subjectarum,
2473 4408 2639 4472 proe-

532 4498 568 4527 “
613 4492 754 4559 fato
783 4516 961 4561 nunc
989 4494 1213 4561 Priore
1244 4492 1332 4559 ad
1370 4497 1535 4559 tunc
1564 4488 1791 4555 Priore
1824 4488 2167 4554 Prioratus
2196 4486 2499 4574 praedicti
2520 4510 2643 4553 ex-

530 4600 566 4630 “
612 4596 875 4677 istente,
897 4597 1040 4684 jam
1065 4600 1134 4665 et
1163 4596 1256 4663 ad
1281 4600 1444 4662 tunc
1464 4591 1665 4660 unius
1689 4589 2022 4657 Cellarum
2044 4589 2223 4656 dicto
2246 4589 2643 4656 monasterio

2326 4709 2371 4756 x
