3467 5717
729 850 857 913 246
1394 860 1714 909 Annum
1759 857 2178 911 nomsrnnn

396 1052 769 1129 nn.1427,s.“
814 1044 1139 1123 effectum,
1184 1045 1382 1113 dictae
1428 1045 1916 1133 propositionis,
1964 1043 2269 1111 omnibus
2335 1043 2464 1125 via,
2513 1042 2727 1124 mode,
2773 1046 2844 1108 et

738 1153 775 1185 “
819 1149 1050 1229 forma,
1115 1147 1499 1215 melioribus
1574 1149 1818 1234 quibus
1875 1147 2084 1241 poteri
2092 1150 2143 1228 t,
2203 1145 2598 1234 replicandO,
2661 1144 2848 1223 dicit,

740 1258 774 1285 “
820 1251 1084 1337 allegat,
1119 1254 1190 1316 et
1233 1250 1307 1315 in
1349 1250 1612 1338 scriptis
1655 1251 1788 1317 hiis
1830 1249 2160 1339 proponit,
2207 1270 2424 1316 coram
2452 1247 2662 1328 nobis,
2709 1246 2843 1312 Do-

739 1360 774 1388 “
822 1353 1003 1418 mino
1047 1352 1247 1420 dictoe
1293 1352 1513 1420 Ouriae
1559 1351 1966 1420 Praeffidente
2011 1371 2421 1438 quocunque,
2467 1349 2646 1435 quod
2693 1371 2843 1436 pars

741 1463 778 1491 “
823 1455 986 1522 dieti
1039 1454 1316 1522 Domini
1359 1455 1680 1522 Willelmi
1741 1453 2120 1534 Oheselden,
2165 1452 2467 1520 Rectoris
2532 1451 2842 1539 praetensi

741 1565 775 1593 “
822 1557 1142 1645 praedicti,
1187 1579 1274 1624 ex
1316 1558 1617 1624 deductis
1661 1563 1732 1624 et
1776 1556 2065 1625 narratis
2107 1556 2178 1622 in
2224 1555 2406 1623 dicta
2447 1577 2569 1621 sua
2611 1576 2843 1642 propo-

740 1668 775 1695 “
820 1660 1059 1727 sitione
1086 1681 1157 1727 se
1176 1659 1418 1747 juvare
1445 1680 1582 1727 non
1611 1659 1829 1743 debet,
1853 1681 2068 1747 neque
2097 1662 2337 1748 potest,
2369 1657 2842 1746 quovismod03

741 1766 778 1796 ‘⁴
826 1785 943 1848 pro
988 1784 1084 1843 eo,
1130 1767 1202 1827 et
1246 1784 1331 1827 ex
1375 1783 1468 1839 eo,
1515 1760 1693 1849 quod
1739 1763 1888 1829 duae
1930 1767 2153 1850 partes
2212 1761 2612 1828 decimarum
2656 1760 2730 1826 in
2774 1766 2843 1825 et

738 1871 775 1901 “
820 1866 902 1932 de
946 1864 1295 1946 dominico,
1324 1866 1466 1931 sive
1496 1865 1811 1946 dominio,
1842 1864 2183 1952 terrisque,
2216 1863 2478 1951 campis,
2509 1868 2580 1930 et
2609 1862 2837 1950 pratis,

737 1975 772 2004 “
819 1968 901 2033 de
947 1966 1188 2053 quibus
1232 1967 1307 2032 in
1352 1966 1578 2034 libello
1620 1967 1949 2035 dictorum
1989 1967 2278 2034 Abbatis
2320 1970 2390 2033 et
2433 1966 2839 2046 Conventus,

737 2078 771 2105 “
819 2071 891 2135 in
936 2069 1136 2136 dictis
1180 2092 1376 2136 causa
1419 2075 1488 2136 et
1534 2070 1736 2137 Curia
1765 2071 2124 2159 preposite,
2155 2070 2239 2135 fit
2266 2068 2533 2150 mentio,
2564 2068 2842 2134 fuerunt

737 2180 771 2207 “
818 2173 999 2239 dicto
1045 2172 1445 2240 monasterio
1492 2171 1725 2240 Sancti
1771 2171 2041 2253 Albani,
2089 2193 2167 2237 ac
2209 2170 2548 2238 monachis
2593 2169 2842 2236 ibidem

735 2281 769 2313 ‘⁸
820 2275 962 2342 Deo
1014 2274 1475 2356 servientibus,
1523 2273 1723 2356 datae,
1770 2275 2053 2353 donatae,
2101 2294 2437 2353 concessoe,
2481 2277 2551 2340 et
2609 2273 2841 2339 confir-

734 2385 771 2415 “
821 2382 1041 2458 metae,
1084 2382 1288 2465 prout
1330 2376 1405 2442 in
1450 2377 1674 2444 libello
1717 2376 2040 2464 praedicto
2099 2377 2360 2463 plenius
2418 2381 2522 2442 est
2580 2397 2841 2463 expres-

735 2488 771 2516 “
816 2502 1004 2562 sum;
1066 2486 1137 2546 et
1195 2480 1253 2547 si
1303 2484 1536 2573 postea
1577 2479 1810 2547 Abbas
1853 2483 1925 2546 et
1969 2478 2358 2547 Conventus
2403 2477 2710 2566 praedicti
2767 2479 2839 2542 iu

736 2592 769 2620 “
817 2584 1112 2670 aliquam
1171 2602 1465 2649 annuam
1525 2582 1923 2670 pensionem,
1983 2582 2142 2664 loco,
2187 2583 2348 2662 vice,
2396 2603 2513 2648 seu
2555 2581 2837 2661 nomine,

737 2694 772 2722 ‘⁴
821 2686 1221 2753 decimarum
1265 2684 1667 2772 hujusmodi,
1713 2685 2181 2765 consenserint,
2229 2689 2352 2750 aut
2396 2705 2543 2750 eam
2578 2683 2840 2770 quovis-

732 2796 769 2824 “
818 2788 1011 2853 modo
1057 2787 1485 2874 perceperint,
1514 2786 1638 2853 hoc
1690 2788 1990 2856 fecerunt
2033 2786 2264 2875 vigore
2293 2786 2636 2873 cujusdam
2665 2807 2840 2853 com·

733 2897 775 2979 “.
812 2888 1130 2978 promissi,
1198 2888 1563 2972 arbitriive,
1633 2911 1752 2955 seu
1813 2888 2078 2970 decreti,
2149 2889 2221 2953 in
2298 2910 2377 2954 ea
2440 2892 2628 2975 parte
2692 2887 2837 2963 lati,

731 3002 767 3030 “
813 2992 1046 3072 habiti,
1092 2997 1161 3060 et
1205 2992 1386 3074 facti,
1429 3014 1564 3080 quo
1608 2993 1920 3060 Rectores
1964 2991 2161 3059 dictae
2206 2989 2489 3059 ecclesiae
2532 2991 2615 3057 de
2660 2989 2837 3056 Hor-

732 3103 768 3131 “
815 3095 1004 3183 polle,
1039 3116 1161 3183 pro
1196 3100 1494 3183 tempore
1522 3095 1905 3174 existentes,
1934 3099 2260 3181 tanquam
2302 3093 2581 3160 firmarii
2608 3114 2841 3160 eorun-

733 3207 769 3234 “
815 3197 967 3265 dem
1013 3196 1305 3265 Abbatis
1349 3201 1421 3264 et
1467 3196 1876 3279 Conventus,
1907 3201 1979 3264 et
2022 3219 2160 3263 non
2204 3196 2416 3275 aliter,
2463 3195 2839 3283 hujusmodi

733 3309 767 3336 “
816 3299 1201 3388 pensionem
1268 3321 1390 3388 pro
1453 3298 1652 3367 dictis
1726 3300 1987 3367 duabus
2062 3299 2364 3387 partibus
2437 3300 2838 3366 decimarum

736 3410 770 3438 “
817 3403 1074 3471 solvere
1116 3403 1564 3483 tenebantur·;
1623 3407 1696 3470 et
1737 3402 1832 3473 sic
1874 3402 2030 3484 fuit,¹
2072 3407 2142 3469 et
2184 3407 2304 3481 est,
2368 3401 2454 3469 de
2520 3423 2837 3470 consensu

735 3514 768 3541 “
816 3511 886 3573 et
944 3526 1215 3573 assensu
1279 3504 1579 3572 omnium
1640 3527 1922 3592 quorum
1983 3505 2059 3572 in
2124 3527 2204 3572 ea
2259 3509 2452 3593 parte
2510 3504 2833 3584 interfuit,

732 3617 768 3645 “
813 3608 1169 3689 decretum,
1236 3608 1655 3688 arbitratum,
1717 3609 2116 3690 ordinatum,
2176 3608 2703 3695 pronunciatum,
2766 3613 2836 3674 et

734 3719 768 3745 “
816 3710 1235 3779 declaratum.
1330 3709 1594 3791 Quibus
1638 3711 1910 3799 quidem
1955 3712 2237 3793 decreto,
2283 3710 2703 3791 ordinationi,
2731 3732 2838 3777 ar·

729 3823 764 3848 ‘⁴
810 3811 1178 3893 bitrationi,
1225 3812 1781 3900 pronunciationi‚
1844 3819 1916 3881 et
1960 3814 2406 3897 declarationi,
2454 3814 2694 3882 Rector
2752 3814 2835 3880 de

733 3923 766 3952 “
814 3913 1131 4003 Horpolle
1177 3914 1585 4003 quiscunque
1628 3915 1955 3984 hactenus
1998 3937 2121 4004 pro
2150 3921 2465 4004 tempore,
2496 3921 2568 3984 et
2595 3938 2639 3983 a
2666 3921 2834 3984 tem-

732 4026 766 4054 “
812 4039 967 4106 pore
1041 4016 1421 4103 hujusmodi
1497 4018 1762 4101 decreti,
1837 4018 2315 4102 arbitr-ationis,
2382 4018 2835 4095 ordinationis,

731 4128 766 4159 “
809 4119 1396 4209 pronunciationis,
1427 4125 1498 4188 et
1541 4120 2023 4204 declarationis,
2056 4123 2368 4205 existens,
2398 4127 2477 4189 ut
2506 4121 2835 4188 firmarius

731 4231 767 4259 “
813 4224 1211 4290 decimarum
1266 4222 1751 4310 praedictarum,
1818 4244 2029 4312 usque
2091 4224 2178 4291 ad
2245 4246 2495 4292 annum
2561 4224 2834 4292 Domini

731 4335 768 4362 “
815 4325 1240 4392 millesimum
1283 4327 2028 4415 quadringentesimum,
2073 4328 2301 4416 paruit
2362 4334 2432 4394 et
2490 4326 2836 4414 adquievit

734 4434 770 4465 ‘⁴
816 4427 1085 4496 realiter
1128 4435 1199 4495 et
1243 4450 1391 4495 cum
1452 4428 1707 4497 effectu,
1798 4429 2039 4518 Sicque
2088 4430 2148 4498 si
2191 4430 2432 4518 aliquis
2477 4430 2834 4499 Boot-orum

734 4538 771 4567 “
818 4533 1011 4601 diotae
1056 4530 1343 4599 ecclesiae
1373 4531 1456 4598 de
1504 4531 1826 4620 Horpolle
1870 4532 2162 4620 aliquam
2208 4537 2463 4621 partem
2511 4532 2837 4601 dictarum

735 4640 769 4669 ‘⁶
816 4633 1099 4699 duarum
1144 4633 1440 4721 partium
1486 4634 1906 4714 decimarum,
1937 4635 2080 4702 sive
2124 4636 2302 4723 ipsas
2370 4635 2533 4701 duas
2593 4640 2833 4723 partes,

732 4742 767 4770 ‘⁴
813 4734 1109 4823 percepit
1151 4754 1267 4802 seu
1313 4734 1567 4819 habuit,
1614 4740 1693 4802 ut
1736 4737 1811 4801 in
1857 4736 2037 4805 diota
2080 4737 2528 4826 propositione
2577 4742 2680 4804 est
2723 4736 2837 4804 de*
