3467 5717
779 866 910 928 330
1443 875 1759 926 ANNALES
1803 873 2231 925 noms'rnnu

442 1081 752 1133 A.D.1433.
869 1069 905 1099 “
935 1064 1236 1133 Secundo
1280 1064 1389 1131 sic.
1412 1102 1503 1115 —-
1526 1063 1599 1130 Si
1670 1062 1819 1129 Rex
1870 1083 1955 1128 ex
2012 1083 2133 1128 sua
2176 1065 2398 1148 posset
2444 1061 2889 1150 praerogativa

782 1172 817 1202 “
862 1189 1206 1253 personam
1253 1188 1455 1233 unam
1498 1167 1675 1232 infra
1720 1165 2027 1253 Episcopi
2058 1164 2083 1203 ¹
2101 1164 2455 1231 Dioecesim
2503 1166 2730 1231 taliter
2758 1163 2882 1230 2Η·-

780 1276 816 1306 “
861 1270 1121 1336 bertare
1166 1292 1284 1357 per
1309 1270 1541 1347 locum,
1571 1269 1658 1335 ab
1686 1268 1961 1334 assimili
2007 1271 2228 1354 posset
2256 1267 2462 1346 etiam
2491 1272 2562 1334 et
2590 1267 2884 1345 alteram,

781 1380 816 1407 “
862 1378 931 1439 et
974 1373 1089 1451 ita,
1121 1373 1346 1438 eadem
1393 1372 1667 1453 ratione,
1713 1371 1985 1437 tertiam
2033 1376 2103 1437 et
2146 1375 2495 1457 quartam3
2541 1376 2611 1435 et
2656 1370 2764 1450 sic,
2798 1392 2885 1435 ex

777 1484 810 1510 “
856 1476 1298 1561 consequenti,
1348 1496 1575 1540 omnes
1621 1474 1984 1539 existentes
2027 1473 2205 1538 infra
2247 1471 2274 1510 ¹
2296 1472 2651 1537 Dioecesim
2680 1472 2881 1537 illam.

777 1584 813 1613 “
859 1577 951 1642 Et
993 1577 1093 1642 ita
1137 1599 1222 1642 ex
1265 1577 1690 1662 consequenti
1735 1575 2202 1641 devolveretur
2261 1573 2558 1640 collectio
2604 1575 2883 1640 decima-

777 1686 814 1713 “
860 1701 1005 1743 rum
1053 1678 1139 1743 ad
1172 1679 1616 1765 Episcopum3
1662 1679 1841 1764 quod
1885 1676 2182 1743 omnium
2227 1675 2666 1742 absurdorum
2695 1699 2888 1764 repu-

776 1788 812 1815 “
856 1785 1043 1846 tatur
1072 1780 1636 1861 absurdissimum,
1669 1781 1744 1844 in
1774 1779 2086 1866 opinione
2118 1778 2526 1844 confratrum
2570 1801 2882 1847 meorum.

865 1889 900 1918 “
947 1884 1171 1948 Tertio
1216 1883 1564 1948 sic—Rex
1607 1883 1864 1947 violans
1928 1881 2374 1948 conditionem
2436 1903 2576 1947 suae
2642 1881 2879 1958 Curiae,

774 1992 810 2020 ‘⁴
856 1990 1066 2052 cassat
1113 1991 1589 2072 consequenter
1624 1985 2110 2050 concessionem
2138 1984 2489 2049 fundatam
2535 2006 2731 2070 super
2761 1984 2882 2049 tali

777 2093 814 2123 “
859 2088 1250 2154 conditione.
1343 2088 1546 2153 Verbi
1593 2086 1814 2173 gratia
1836 2086 2001 2168 3—si
2050 2087 2492 2152 communitas
2537 2087 2745 2174 regni,
2804 2087 2880 2151 in

773 2199 811 2226 “
856 2191 1135 2257 solemni
1166 2190 1370 2257 Curia
1397 2189 1561 2276 regii
1605 2189 2065 2267 Parliamenti,
2109 2189 2429 2255 concedat
2461 2188 2676 2254 eidem
2712 2189 2882 2276 Regi

778 2300 814 2329 ‘⁴
859 2315 1063 2359 unam
1108 2294 1437 2380 integram
1479 2291 2135 2379 quintam-decimam
2182 2291 2304 2356 sub
2334 2290 2458 2356 tali
2487 2291 2882 2369 conditione,

775 2402 812 2431 “
859 2396 1037 2483 quod
1099 2397 1240 2482 ipse
1300 2395 1578 2461 haberet
1629 2396 1783 2460 huic
1832 2394 2299 2460 communitati
2351 2414 2549 2479 super
2607 2393 2883 2481 singulis

774 2506 811 2534 “
858 2501 995 2564 suis
1045 2497 1675 2585 transgressionibus
1720 2496 2122 2584 generaliter
2163 2497 2574 2583 perdonare3
2622 2496 2679 2560 si
2740 2497 2879 2582 ipse

778 2607 815 2636 “
861 2601 1008 2665 Rex
1068 2601 1394 2687 posterius
1454 2601 1625 2665 hanc
1685 2599 2133 2665 conditionem
2187 2598 2469 2684 ejiceret,
2534 2603 2883 2664 evacuaret

777 2709 813 2738 “
860 2724 946 2768 ex
991 2703 1414 2788 consequenti
1463 2701 1982 2782 concessionem3
2031 2705 2233 2788 patet,
2281 2722 2431 2765 cum
2478 2701 2568 2765 sit
2604 2699 2885 2766 fundata

776 2811 813 2840 “
858 2826 1055 2892 super
1106 2804 1399 2871 eandem.
1519 2804 1715 2891 Erg0‚
1770 2827 1811 2873 a
1863 2803 2065 2869 simili
2090 2803 2256 2868 :—si
2319 2802 2529 2869 clerus
2577 2802 2764 2890 regni
2809 2805 2882 2868 in

778 2913 813 2943 ‘⁴
861 2930 979 2972 sua
1032 2906 1346 2973 concedat
1398 2906 1672 2973 solemni
1735 2905 2227 2972 Convocatione
2287 2928 2490 2970 unam
2552 2905 2879 2993 integram

777 3016 814 3046 “
860 3010 1181 3076 decimam
1250 3009 1540 3075 Domino
1588 3009 1776 3096 Regi,
1854 3008 1977 3074 sub
2050 3008 2175 3075 tali
2245 3007 2641 3090 conditione,
2704 3009 2883 3094 quod

778 3121 811 3148 “
859 3113 1083 3179 nullus
1143 3112 1453 3179 collector
1511 3111 1694 3176 illius
1770 3111 2051 3198 integrae
2120 3111 2409 3190 decimae,
2474 3115 2595 3176 aut
2670 3112 2883 3198 partis

779 3223 814 3251 ‘⁴
860 3216 1086 3302 ipsius,
1150 3214 1590 3302 deputanduS,
1655 3214 1939 3279 obtentu
2012 3214 2200 3300 cujus
2259 3214 2706 3280 immunitatis
2765 3219 2884 3279 aut

775 3324 810 3353 “
857 3317 1188 3405 privilegii
1235 3317 1422 3404 regii,
1454 3317 1528 3381 in
1557 3339 1636 3383 ea
1665 3322 1855 3402 parte
1889 3315 2175 3382 concessi
2221 3320 2341 3381 aut
2389 3316 2810 3397 concedendi,
2841 3339 2884 3381 a

778 3427 815 3455 “
861 3420 1245 3486 collectione
1275 3420 1471 3486 dictae
1516 3424 1799 3507 integrae
1829 3419 2119 3501 decimae,
2152 3424 2274 3485 aut
2319 3419 2532 3505 partis
2577 3419 2886 3505 ejusdem,

774 3514 1055 3609 “‘prout
1102 3524 1319 3609 ipsum
1383 3523 1791 3589 collectorem
1841 3522 2148 3609 deputari
2201 3522 2570 3608 contigerit,
2619 3522 2885 3607 quovis-

778 3632 811 3658 “
859 3625 1058 3689 modo
1090 3623 1329 3689 debeat
1361 3624 1658 3690 excusari
1686 3649 1703 3706 ;
1753 3625 1811 3690 si
1852 3625 1992 3712 ipse
2033 3626 2181 3689 Rex
2224 3624 2397 3689 hanc
2440 3623 2883 3690 conditionem

777 3734 811 3761 “
856 3725 1130 3812 rejiciat,
1161 3732 1442 3792 evacuat
1486 3748 1570 3791 ex
1618 3727 2047 3813 consequenti
2093 3727 2340 3793 dictam
2382 3726 2881 3807 concessionem,

779 3834 815 3862 ‘⁴
857 3850 1009 3914 quae
1054 3827 1138 3893 ab
1182 3827 1329 3915 ipsa
1373 3829 1755 3895 conditione
1800 3829 2143 3917 dependet.
2234 3826 2593 3916 81⁴31·g0.''—

886 4088 1269 4177 Replicatio
1315 4090 1646 4178 Episcopi
1689 4091 2152 4159 Nomoicemis
2196 4099 2434 4160 contra
2478 4091 2822 4159 Abbatem.

441 4236 754 4299 Arguments
868 4230 1177 4297 Finiente
1222 4233 1706 4319 Archipraesule
1750 4233 1826 4298 in
1873 4233 2002 4300 hiis
2045 4234 2290 4322 paucis,
2330 4238 2399 4300 et
2442 4235 2604 4300 satis
2648 4231 2676 4272 ⁴
2693 4234 2878 4298 sche-

443 4304 634 4434 (ᾗΐίζὲἓῐ,
657 4370 714 4419 of
779 4333 1036 4413 matice,
1084 4335 1287 4421 coepit
1348 4336 1729 4401 immediate
1788 4342 1940 4422 post
1997 4337 2215 4423 ipsum
2259 4334 2287 4372 ⁵
2307 4337 2669 4425 Episcopus
2715 4337 2886 4400 Nor-

442 4434 684 4486 Norwich
780 4436 1082 4502 wicensis
1129 4437 1414 4523 adjicere
1460 4461 1576 4524 per
1621 4439 1800 4504 hunc
1844 4439 2227 4505 modum.—

845 4638 859 4669 ¹
889 4639 1133 4688 Dioccsim
1157 4640 1209 4689 iu
1231 4642 1342 4692 MS.
1877 4658 2015 4693 enee.

841 4715 861 4747 ‘³
886 4716 969 4767 Sic
993 4717 1045 4766 iu
1068 4719 1179 4770 MS.
1945 4723 1963 4755 ⁴
1986 4726 2237 4773 scemalice
2258 4724 2313 4772 in
2337 4724 2449 4773 MS.

845 4794 865 4824 ³
889 4796 1138 4861 Probably
1168 4797 1387 4850 inserted
1423 4801 1490 4863 by
1527 4800 1777 4851 inadvert-
1942 4802 1963 4831 5‘
1987 4802 2212 4853 william
2235 4804 2538 4869 Alnewyck.
