3467 5717
1342 782 1699 893 Arrnnmx
1746 827 1871 912 (n).
2521 822 2650 893 447

644 1028 768 1095 Est
788 1035 868 1096 -et
897 1028 1080 1095 aliud
1125 1028 1349 1106 altare,
1380 1049 1496 1114 per
1526 1025 1832 1092 Fratrem
1862 1024 2267 1091 Willelmum
2297 1024 2655 1112 Wyntyrs·

553 1132 752 1212 hune,
800 1132 874 1196 in
918 1133 1164 1197 honore
1228 1130 1439 1196 nostri
1485 1129 1873 1210 SalvatoriS,
1922 1127 2187 1194 Sanctae
2231 1127 2463 1195 Mariae
2507 1128 2657 1193 Vir-

553 1234 745 1320 gini3‚
812 1238 882 1299 et
963 1233 1360 1300 Sanctorum
1438 1229 1785 1297 Laurentii
1860 1236 1928 1296 et
1996 1231 2221 1312 Blasii,
2288 1252 2372 1296 ex
2445 1231 2659 1297 causis

552 1337 853 1422 superius
897 1336 1215 1423 expressis
1230 1345 1245 1356 “
1258 1339 1720 1400 consecratum.

642 1441 768 1504 Est
809 1438 1079 1526 insuper
1113 1439 1187 1504 in
1216 1438 1434 1504 fronte
1464 1437 1782 1505 Orientali
1814 1437 1937 1503 alae
1981 1433 2006 1473 ¹
2026 1436 2318 1502 Borealis
2349 1435 2659 1505 Ecclesiae

556 1539 761 1606 altare
793 1540 1022 1606 Sancti
1054 1540 1409 1620 Michaelis,
1441 1539 1513 1604 in
1542 1539 1791 1607 honore
1820 1539 2049 1606 Sancti
2080 1539 2419 1605 Michaelis
2450 1541 2661 1607 Arch-

555 1643 774 1730 angeli
817 1647 887 1708 et
929 1643 1227 1709 omnium
1270 1642 1679 1730 Angelorum
1723 1648 1794 1708 et
1859 1641 2439 1729 Archangelorum,
2485 1643 2661 1708 unde

557 1745 714 1811 olim
757 1744 1043 1811 fenestra
1085 1744 1303 1811 fuerat
1344 1766 1463 1830 pro
1509 1745 1744 1832 majori
1788 1748 1976 1831 parto
2004 1744 2296 1826 vitriata,
2328 1744 2444 1810 sed
2482 1751 2660 1832 post-

557 1848 842 1928 modum,
891 1869 1008 1935 per
1068 1847 1430 1913 Dominum
1494 1848 1540 1913 J
1544 1849 1873 1913 ohannem
1923 1846 2258 1925 Hatfelde‚
2305 1846 2660 1915 Doctorem

558 1951 630 2015 in
660 1950 973 2032 Decretis,
995 1954 1066 2016 et
1088 1949 1476 2016 Monasterii
1495 1948 2071 2029 Archidiaconum,
2093 1948 2372 2015 historia
2403 1950 2665 2017 Sanctae

560 2053 903 2118 Katerinae
973 2052 1250 2117 vitriata
1277 2075 1295 2132 ;
1364 2051 1483 2117 ubi
1547 2050 1882 2117 habentur
1954 2050 1982 2087 ²
2011 2050 2335 2137 imagines
2403 2052 2665 2119 Sanctae

561 2154 903 2220 Katerinae
949 2158 1019 2219 et
1050 2152 1284 2219 Sancti
1313 2153 1671 2234 Michaelis,
1702 2153 1778 2218 in
1822 2174 2047 2219 eorum
2091 2153 2293 2233 festis,
2323 2155 2394 2219 in
2424 2177 2668 2242 magna

560 2255 788 2344 populi
832 2255 1298 2335 veneratione;
1345 2255 1462 2321 ubi
1506 2255 1711 2321 etiam
1755 2255 1837 2320 fit
1882 2256 2201 2342 processio
2244 2256 2319 2320 in
2366 2254 2667 2323 ⁸festivi-

561 2365 703 2426 tate
749 2358 980 2425 Sancti
1025 2357 1367 2423 Michaelis
1412 2357 1502 2423 ad
1531 2357 1856 2446 Vesperas
1901 2362 1971 2423 et
2013 2358 2401 2441 Matutinus,
2447 2365 2518 2426 et
2548 2361 2668 2426 du-

561 2462 765 2549 plices
807 2460 1135 2547 Vesperae,
1183 2482 1333 2525 cum
1380 2459 1600 2540 Missa,
1632 2459 1707 2525 in
1753 2458 1953 2525 Festo
1998 2459 2262 2528 Sanctae
2308 2462 2667 2544 Katerinae,

553 2563 579 2600 ⁴
603 2562 969 2629 ministerio
1013 2560 1339 2629 Sacristae.

652 2665 828 2732 Sunt
872 2665 1054 2730 inter
1097 2663 1314 2750 majus
1358 2663 1568 2730 altare
1610 2662 1686 2727 in
1729 2662 2145 2750 presbyterio
2177 2664 2567 2733 Monasterii
2598 2673 2669 2733 et

563 2766 1032 2833 interclausam
1077 2766 1321 2831 circum
1365 2765 1698 2843 feretrum,
1730 2764 1865 2830 tria
1893 2766 2134 2830 altaria
2161 2792 2179 2848 ;
2223 2766 2455 2848 altare,
2486 2768 2670 2834 vide-

563 2869 735 2948 licet,
785 2867 1016 2934 Sancti
1061 2867 1330 2945 Albani,
1360 2868 1449 2933 ad
1495 2865 1521 2905 ⁵
1543 2870 1746 2953 caput
1788 2866 1933 2953 ejus
1976 2867 2203 2934 feretri
2232 2893 2248 2949 ;
2295 2869 2508 2936 altare
2540 2870 2667 2937 Re-

565 2971 941 3058 liquiarum,
997 2993 1039 3036 a
1103 2970 1404 3057 reliquiis
1466 2968 1733 3048 ibidem,
1779 2970 2159 3057 sumptibus
2216 2978 2312 3038 et·
2344 2973 2673 3039 industria

566 3073 840 3139 Domini
884 3071 1165 3138 Roberti
1209 3072 1531 3152 Trunche,
1577 3071 1739 3138 olim
1783 3071 2112 3138 feretrarii
2143 3072 2374 3140 Sancti
2403 3074 2670 3156 Albani,

566 3175 816 3241 ibidem
858 3173 1215 3239 honorifice
1258 3174 1606 3252 collocatis,
1636 3174 1708 3238 in
1739 3173 2053 3241 honorem
2085 3174 2315 3242 Sancti
2346 3176 2673 3263 Hugonis,

568 3276 1047 3343 Lincolniensis
1091 3275 1419 3364 Episcopi,
1465 3281 1917 3342 consecratum
1947 3302 1963 3356 ;
2009 3277 2219 3343 altare
2264 3300 2421 3345 vero
2481 3278 2674 3345 Salu-

565 3378 861 3460 tationis,
893 3399 1010 3444 seu
1054 3378 1276 3465 potius
1306 3378 1537 3446 Sancti
1566 3378 1923 3461 Wulstani,
1956 3381 2115 3466 quia
2157 3380 2232 3445 in
2260 3380 2402 3468 ejus
2430 3380 2675 3448 honore

566 3486 1003 3549 consecratur.

658 3585 744 3649 In
810 3583 1166 3649 intercluso
1232 3580 1393 3647 inde
1457 3604 1666 3670 usque
1727 3582 2066 3670 Capellam
2120 3584 2382 3651 Sanctae
2443 3586 2676 3653 Mariae

567 3692 728 3752 sunt
772 3686 907 3752 tria
951 3685 1231 3765 altaria3
1275 3683 1500 3764 altare,
1530 3685 1859 3764 videlicet,
1893 3685 2128 3753 Sancti
2156 3685 2561 3777 Amphibali,
2590 3690 2679 3755 ad

568 3793 770 3877 caput
798 3787 1028 3855 feretri
1058 3786 1352 3874 ejusdem
1381 3812 1397 3869 ;
1443 3787 1661 3855 altare
1707 3785 1938 3854 Sancti
1984 3788 2344 3872 Edmundi,
2376 3791 2579 3880 Regis
2609 3795 2679 3858 et

571 3889 914 3978 Martyris,
960 3911 1046 3957 ex
1088 3894 1279 3977 parte
1324 3887 1669 3972 “Boreali3
1714 3895 1787 3957 et
1831 3890 2066 3958 Sancti
2108 3891 2311 3974 Petri,
2359 3914 2445 3958 ex
2488 3898 2679 3980 parte

569 3995 884 4074 Australi,
929 4015 1080 4059 cum
1124 4013 1354 4059 eorum
1398 3989 1425 4034 ⁷
1442 3991 1849 4079 imaginibus
1893 3997 1964 4058 et
2008 3992 2303 4059 historiis
2356 3993 2677 4081 depictis3

569 4095 689 4162 ubi
732 4096 816 4161 fit
857 4096 1166 4182 frequens
1227 4094 1496 4161 devotio
1556 4095 1783 4182 populi
1845 4116 2073 4160 eorum
2124 4096 2429 4184 utrisque
2472 4098 2678 4180 festis,

571 4220 689 4288 per
736 4198 1098 4272 Sam-istam
1143 4197 1531 4266 Monasterii
1576 4196 1958 4264 solemniter
2001 4196 2363 4269 celebratis.

643 4521 659 4554 1
682 4518 1119 4572 Burmannus
1747 4521 1769 4554 ε
1792 4523 2168 4588 emamus.

642 4600 664 4634 2
679 4600 929 4666 μυρίκη
949 4598 1008 4649 in
1028 4598 1142 4652 ΜΒ.
1750 4601 1771 4634 ⁶
1791 4600 1991 4652 Rafiah·
2012 4603 2067 4652 in
2088 4603 2203 4655 MS.

640 4679 909 4746 sseseivica
935 4679 1135 4730 saneta
1156 4678 1212 4730 in
1234 4677 1349 4731 ΜΒ.
1750 4677 1774 4718 ⁷
1790 4678 2100 4745 „affinibus
2120 4680 2176 4733 in
2196 4681 2313 4734 MS.

642 4761 665 4792 ⁴
687 4760 899 4811 misterio
920 4758 978 4810 in
999 4757 1117 4812 MS.
