3467 5717
1384 836 1630 888 smol-1
1674 836 1952 891 mam.
2585 823 2717 897 187

727 1094 1178 1185 ΙΡαοῑρωιιῑο
1223 1094 1810 1268 Qbffi
1827 1096 2114 1169 subortae
2158 1096 2246 1168 in
2286 1096 2597 1171 absentia
2738 1102 2879 1155 ω.
2907 1107 3052 1157 142⁴.

699 1354 727 1396 ²
748 1356 938 1423 Infra
977 1356 1302 1424 brevioris
1347 1357 1726 1445 prolapsum
1778 1357 2098 1445 temporis
2157 1381 2289 1447 quo
2346 1363 2537 1448 pater
2594 1360 2720 1428 iste
2744 1366 2973 1447 aecusa-

609 1481 762 1526 cum
801 1458 946 1547 jam
993 1459 1192 1527 dictis
1222 1457 1597 1525 ⁸solemniis
1645 1459 1968 1547 templum
2015 1461 2121 1526 sui
2160 1463 2544 1529 monasterii
2580 1468 2720 1530 erat
2744 1442 2967 1567 {ffught
2989 1502 3058 1567 by

611 1563 962 1649 ingressus,
1004 1566 1075 1629 et
1121 1562 1376 1628 medius
1421 1560 1682 1628 sederet
1727 1562 1910 1628 inter
1955 1561 2324 1650 discipuIOS,
2369 1565 2723 1652 diligenter
2744 1569 2829 1619 the
2851 1576 3035 1619 towns·

613 1663 953 1750 inquirens
1011 1686 1088 1730 ac
1147 1663 1532 1729 examinans
1591 1663 1674 1729 de
1747 1662 1878 1729 hiis
1953 1685 2104 1750 quae
2161 1664 2541 1732 acciderant
2598 1689 2719 1753 pro
2741 1635 3053 1752 ffdffi‘lgan’s

613 1772 908 1853 tempore
968 1786 1100 1852 quo
1152 1765 1292 1852 ipse
1343 1768 1635 1851 quantus
1694 1771 1800 1832 est
1848 1764 1878 1805 ⁴
1881 1765 2105 1853 jactus
2153 1767 2394 1855 lapidis
2444 1769 2717 1836 avulsus
2741 1767 2941 1833 against
2957 1768 3044 1820 tho

610 1873 713 1934 est
771 1868 857 1934 ab
916 1867 1030 1949 eis,
1073 1871 1258 1934 ecce!
1320 1866 1512 1935 venit
1571 1867 1776 1934 turba
1831 1868 2051 1936 multa
2107 1868 2523 1952 villanorum,
2567 1895 2718 1939 cum
2741 1833 2999 1888 mmm

608 1970 986 2058 linguarum
1030 1966 1271 2058 gladiis
1315 1964 1386 2036 et
1427 1968 1874 2057 ampullarum
1923 1970 2231 2053 fustibus,
2276 1993 2411 2039 non
2454 1973 2720 2060 quidem

612 2072 1161 2162 comprehendere
1192 2072 1558 2155 dominum,
1589 2072 1666 2138 in
1708 2092 1842 2160 quo
1871 2073 2127 2140 nullam
2156 2073 2184 2114 ⁸
2197 2096 2458 2141 causam
2489 2076 2724 2142 mortis

614 2177 1030 2256 invenerant,
1088 2177 1311 2256 immo,
1372 2179 1453 2242 ut
1512 2177 1658 2264 ejus
1723 2181 2066 2245 accusaret
2105 2179 2461 2268 discipulos
2521 2201 2720 2268 super

609 2279 815 2347 variis
844 2278 1290 2366 ”nefariisque
1333 2279 1712 2346 excessibus
1758 2301 1880 2366 pro
1909 2284 2209 2369 tempore
2240 2304 2373 2369 quo
2402 2282 2542 2372 ipse
2571 2304 2721 2371 pas-

613 2386 722 2449 tor
763 2382 1000 2449 absens
1042 2381 1264 2449 fuerat
1306 2404 1349 2449 a
1389 2381 1710 2470 regimine
1754 2382 1861 2449 sui
1903 2384 2139 2472 gregis.

703 2484 906 2552 Unde
953 2506 1105 2550 cum
1154 2505 1265 2551 eos
1311 2488 1726 2551 accusassent
1773 2484 1845 2550 in
1886 2486 2132 2569 multis,
2164 2492 2234 2553 et
2278 2487 2533 2554 diutius
2575 2510 2724 2576 pro-
2747 2491 2874 2571 Tyro
2895 2493 3019 2545 false

611 2592 953 2676 rogassent
979 2608 1367 2667 sermonem,
1400 2608 1603 2674 quam
1632 2587 1907 2654 decebat
1936 2588 2115 2655 viros
2143 2588 2337 2676 pacis,
2368 2589 2721 2657 novissime
2744 2566 3025 2678 Ξὲῗξξ,

613 2694 943 2758 venerunt
973 2691 1106 2756 duo
1134 2689 1385 2771 infesti,
1405 2711 1493 2757 ne
1523 2689 1805 2769 dicatur,
1826 2691 1992 2770 falsi,
2024 2696 2245 2772 testes,
2267 2698 2337 2758 et
2367 2693 2720 2776 dixerunt3
2742 2708 2903 2759 1²0⁸!

613 2802 743 2845 —“
759 2793 1062 2875 Domine,
1094 2793 1181 2858 ab
1211 2792 1449 2858 horum
1497 2793 1938 2859 familiaribus
1983 2815 2105 2860 nos
2156 2793 2511 2862 didicimus
2556 2818 2718 2883 quo·
2742 2760 2979 2888 ff„

618 2905 651 2932 “
696 2896 891 2962 modo
933 2895 1052 2961 isti
1095 2894 1424 2983 optabant
1467 2891 1494 2937 ⁷
1511 2895 1763 2983 templa
1821 2903 2199 2965 nostrorum
2248 2920 2594 2987 corporum
2645 2900 2719 2964 in
2744 2892 3036 2971 oonypiring

616 3006 652 3036 “
696 2998 921 3065 triduo
980 2997 1202 3086 potius
1260 2998 1533 3080 destrui,
1578 2997 1928 3086 palamque
1986 3000 2061 3065 in
2118 3000 2440 3087 patibulis
2503 3023 2720 3068 coram
2745 2961 3047 3077 riga-⁸3:110}

620 3105 658 3136 ‘⁸
700 3100 982 3187 proprias
1038 3099 1477 3165 habitationis
1528 3100 1875 3166 liminibus
1926 3102 2240 3190 crucifigi,
2294 3125 2494 3190 quam
2552 3103 2721 3190 abji-
2743 3091 3039 3211 ξέἒοω

619 3208 657 3239 “
703 3222 992 3269 ceremus
1024 3201 1265 3289 jugum
1306 3201 1651 3268 servitutis
1693 3203 1820 3269 sub
1863 3224 1995 3289 quo
2044 3204 2191 3291 jam
2234 3205 2489 3272 diutius
2532 3205 2723 3272 steti-

618 3311 653 3341 “
699 3325 868 3384 mus,
898 3307 1018 3369 aut
1060 3322 1602 3390 consequeremur
1646 3304 1756 3371 vel
1793 3303 1911 3390 jus
1953 3305 2304 3372 minimum
2348 3308 2432 3373 de
2475 3307 2725 3373 finibus

620 3412 657 3444 ‘⁴
702 3410 774 3473 et
817 3404 1163 3485 limitibus,
1191 3404 1470 3492 aliisque
1513 3406 1940 3473 libertatibus
1984 3428 2135 3493 quae
2182 3409 2402 3476 minus
2442 3409 2725 3497 juridice

619 3517 654 3546 “
697 3507 1184 3575 subtrahuntur
1227 3529 1270 3574 a
1312 3506 1565 3576 nobis.”

705 3610 816 3676 Ad
857 3610 1002 3676 haec
1042 3608 1287 3675 fratres
1329 3609 1480 3696 ipsi,
1526 3632 1692 3697 quos
1752 3626 1967 3680 sermo
2018 3613 2149 3678 iste
2193 3613 2528 3703 tetigerat,
2574 3613 2723 3682 Cel·
2748 3628 2863 3681 'rho
2886 3628 3001 3681 Cel-

617 3712 912 3791 lerarius,
940 3711 1206 3790 scilicet,
1235 3716 1304 3778 et
1349 3712 1716 3794 Bursarius,
1749 3713 1866 3800 qui
1909 3735 1987 3781 eo
2031 3720 2327 3804 tempore
2366 3718 2724 3806 temporale
2748 3697 3003 3815 md

618 3815 956 3881 habebant
985 3813 1277 3901 regimen
1307 3813 1382 3878 in
1411 3814 1715 3881 absentia
1743 3817 2045 3903 pastoris,
2076 3820 2543 3907 respondentes
2573 3842 2723 3887 cum
2747 3831 2896 3881 make

618 3916 904 4001 Christo,
951 3916 1268 3982 dixerunt
1291 3920 1442 3998 3-“
1466 3916 1609 3983 Nos
1653 3918 1973 4004 quotidie,
2018 3919 2225 3987 immo
2268 3923 2604 4006 continue,
2649 3923 2724 3989 in
2746 3911 2943 4015 fflffi
2961 3904 3017 3948 ‘⁰

622 4027 659 4058 ‘⁴
700 4018 900 4107 hujus
944 4019 1229 4087 ecclesiae
1273 4018 1527 4107 templo
1572 4041 1834 4086 eramus
1862 4020 2206 4088 vobiscum
2240 4028 2722 4105 conversantes,
2749 4030 2993 4082 cuntion-

690 4286 999 4339 ¹Processus
1028 4284 1283 4352 cujusdam
1312 4284 1486 4337 clanei
1533 4301 1628 4351 per
1784 4284 2324 4354 ³sollempniisinHS.

619 4365 837 4428 duanae,
870 4368 926 4417 in
961 4365 1188 4418 ahmein
1240 4363 1362 4414 dicti
1397 4362 1626 4416 Ablmae.
1781 4364 1803 4398 ⁴
1824 4366 1891 4418 In
1911 4366 2128 4419 allusion
2148 4372 2203 4420 to
2225 4366 2367 4420 Lake
2387 4370 2516 4423 xxii.
2539 4377 2623 4424 41.

619 4445 1018 4512 superscriptiou
1038 4452 1091 4498 at
1111 4443 1199 4497 the
1219 4442 1353 4496 head
1386 4442 1445 4494 of
1478 4442 1629 4495 folios
1783 4446 1806 4480 ⁸
1826 4447 1893 4497 In
1914 4447 2131 4499 allusion
2151 4456 2207 4499 to
2228 4446 2372 4500 Lake
2390 4449 2537 4502 xxiii.
2560 4457 2643 4503 22.

622 4531 689 4577 04
711 4527 812 4578 and
832 4530 898 4577 65
922 4539 971 4576 a.
1785 4523 1809 4558 ⁶
1828 4523 2176 4592 nephas-&oque
2197 4524 2255 4578 in
2275 4524 2392 4579 MS.

684 4605 805 4657 'At
839 4603 945 4656 this
981 4602 1129 4670 point
1168 4602 1286 4669 (fol.
1321 4606 1388 4654 64
1421 4604 1502 4670 a.)
1539 4603 1627 4655 the
1782 4603 1919 4656 ⁷An
1939 4604 2157 4657 allusion
2188 4610 2244 4659 to
2276 4607 2366 4661 the
2395 4609 2650 4681 langusge
2672 4611 2736 4665 of

618 4683 1101 4737 contextiswritten
1123 4684 1177 4735 in
1199 4699 1233 4736 a
1252 4683 1505 4749 different,
1524 4684 1627 4737 und
1714 4682 1856 4736 Jolm
1881 4682 1936 4738 ii.
1962 4690 2043 4750 19,
2068 4690 2149 4738 21.

616 4763 770 4815 much
790 4764 1012 4828 maner,
1034 4762 1188 4814 haud.
