3467 5717
1335 861 1582 912 sANcn
1626 861 1899 913 Arnim.
2555 846 2687 921 277

582 1054 618 1087 “
665 1049 813 1117 dam
821 1073 917 1131 us,
950 1056 1019 1118 et
1049 1056 1363 1140 perpetuo
1407 1054 1824 1136 stabilimus;
1867 1053 1954 1118 ad
1984 1053 2127 1139 ejus
2156 1053 2358 1119 fidam
2392 1053 2683 1120 fidelem·
2711 1087 2812 1124 ω.
2826 1081 2942 1129 142⁹,
2957 1082 3025 1124 ευ.

579 1161 614 1188 “
660 1175 786 1239 que
846 1155 1230 1234 custodiam,
1285 1160 1354 1222 et
1412 1156 1772 1221 secundum
1818 1155 2338 1221 nominationem
2393 1156 2683 1222 Abbatis

579 1262 615 1291 “
661 1254 825 1323 dicti
871 1257 1255 1322 monasterii
1283 1278 1402 1344 pro
1447 1265 1743 1344 tempore
1787 1257 2157 1339 existentis,
2188 1279 2334 1323 cum
2369 1279 2684 1324 consensu

580 1365 612 1392 “
660 1358 926 1444 majoris
969 1364 1040 1424 et
1081 1359 1355 1424 sanioris
1382 1358 1591 1445 partis
1637 1358 1935 1445 Capituli
1980 1382 2093 1425 seu
2142 1359 2524 1427 Conventus
2561 1360 2685 1425 hu·-

579 1467 613 1497 “
650 1459 962 1546 jusmodi,
1010 1466 1145 1526 tres
1212 1461 1445 1527 fratres
1511 1465 1580 1527 et
1625 1461 1974 1527 monachos
2020 1463 2313 1548 ejusdem
2360 1462 2502 1543 loci,
2565 1463 2679 1548 qui

578 1570 615 1597 “
661 1583 798 1649 prae
858 1563 1109 1628 caeteris
1168 1563 1375 1648 magis
1434 1562 1699 1645 maturi,
1761 1562 2038 1649 providi,
2096 1568 2164 1628 et
2207 1564 2679 1650 circumspecti,

581 1671 615 1698 “
658 1663 923 1742 fuerint,
985 1664 1356 1743 statuimus,
1419 1664 1816 1743 ordinamus
1879 1671 1950 1730 et
1994 1664 2319 1744 volumus,
2351 1666 2677 1753 deputari,

580 1778 614 1805 “
658 1770 791 1855 qui,
855 1768 1134 1834 totidem
1208 1766 1232 1806 ¹
1253 1768 1468 1834 claves
1534 1769 1713 1836 inter
1784 1791 1855 1835 se
1918 1770 2272 1836 distinctas
2339 1768 2676 1852 habentes,

577 1880 610 1907 “
655 1871 886 1936 cistam
932 1871 1323 1957 hujusmodi,
1380 1872 1689 1957 quotiens
1728 1894 1894 1959 opus
1939 1873 2085 1953 erit,
2133 1874 2401 1959 aperire,
2449 1873 2677 1938 simul-

578 1984 614 2012 “
659 1999 786 2063 que
831 1977 1150 2055 claudere,
1197 1982 1268 2042 et
1295 1979 1548 2064 pariter
1591 1978 1815 2043 omnia
1851 1984 1921 2044 et
1964 1979 2223 2065 singula
2266 1980 2495 2059 facere,
2528 2002 2679 2065 quae

577 2086 613 2114 “
659 2080 746 2145 ad
790 2079 997 2165 ipsius
1057 2080 1311 2160 cistam,
1366 2101 1481 2144 seu
1541 2079 2041 2158 incrementum,
2090 2080 2502 2146 videbuntur
2563 2103 2679 2146 ex-

579 2189 613 2216 “
658 2181 901 2268 pedire,
947 2182 1160 2246 artius
1219 2185 1591 2246 teneantur.
1684 2181 2134 2268 Volumusque
2180 2184 2358 2269 quod
2402 2184 2681 2274 singulis

579 2290 615 2318 “
660 2282 856 2347 annis
901 2303 978 2347 eo
1038 2286 1329 2370 ternpore
1397 2304 1530 2368 quo
1594 2283 1811 2348 solent
1879 2285 2102 2349 caeteri
2147 2284 2442 2350 officiarii
2507 2306 2681 2349 com-

504 2368 529 2379 *
579 2392 614 2421 “
660 2390 852 2471 potos
913 2406 1064 2450 suos
1109 2384 1395 2463 reddere,
1460 2385 1663 2450 etiam
1710 2384 1875 2450 dicti
1941 2391 2074 2451 tres
2139 2385 2376 2451 fratres
2420 2387 2502 2452 de
2545 2386 2678 2450 sin-

571 2494 608 2524 “
654 2487 829 2573 gulis
875 2509 991 2573 per
1051 2508 1160 2551 eos
1220 2487 1519 2573 receptis,
1575 2486 1908 2573 depositis,
1966 2493 2035 2553 et
2095 2488 2429 2574 expositis
2478 2510 2554 2553 ac
2599 2488 2678 2553 de

577 2596 613 2627 “
658 2589 839 2653 omni
884 2594 1069 2655 statu
1128 2590 1309 2655 cistae
1355 2586 1382 2628 ²
1404 2589 1758 2676 praedictae,
1806 2589 2072 2674 plenum
2121 2590 2367 2656 faciant
2411 2594 2481 2655 et
2531 2590 2676 2655 red-

578 2698 612 2727 “
657 2692 824 2757 dant
868 2691 1307 2771 ratiocinium,
1353 2695 1423 2756 et
1465 2690 1674 2758 fidele.

670 2800 705 2828 “
737 2793 1060 2874 Secundo,
1091 2799 1170 2859 ut
1199 2792 1599 2860 deducamus
1641 2794 1716 2857 in
1747 2792 1956 2859 lucem
2001 2792 2201 2879 hujus
2232 2793 2678 2860 institutionis

573 2903 610 2932 “
655 2917 916 2961 causam
975 2895 1259 2975 finalem,
1321 2895 1797 2981 erectionisque
1850 2894 2191 2982 praedictae
2261 2895 2677 2961 commodum

578 3003 612 3033 “
657 3003 726 3064 et
800 3001 1213 3084 proventum,
1275 2996 1582 3064 volumus
1641 3002 1711 3062 et
1770 2997 2129 3061 statuimus
2202 2996 2682 3063 inviolabiliter

575 3109 613 3137 “
658 3101 1004 3178 observari,
1059 3100 1235 3188 quod
1281 3099 1586 3186 quotiens
1632 3098 1774 3164 ulla
1819 3098 2172 3165 necessitas
2233 3098 2441 3163 ardua
2502 3098 2679 3165 infra

577 3211 614 3241 “
660 3202 1136 3269 Monasterium
1168 3202 1581 3289 praedictum,
1610 3206 1730 3267 aut
1775 3200 1848 3265 in
1895 3199 2097 3267 Cellis
2129 3200 2444 3285 ejusdem,
2474 3222 2681 3266 emer-

578 3314 614 3345 “
658 3306 836 3385 serit,
868 3305 974 3370 cui
1019 3304 1267 3389 absque
1299 3325 1499 3369 morae
1531 3302 1877 3388 dispendio
1923 3302 2256 3389 oportebit
2293 3323 2682 3381 succurrere,

581 3416 617 3443 “
663 3412 734 3473 et
776 3407 885 3472 ille
929 3407 1036 3471 cui
1088 3407 1192 3472 vel
1236 3404 1448 3472 officio
1478 3406 1602 3469 hoc
1646 3404 2077 3483 incumberet,
2109 3405 2272 3469 satis
2317 3409 2551 3491 potens
2595 3404 2682 3473 ad

578 3518 615 3547 “
661 3514 839 3588 tunc,
874 3505 994 3574 aut
1037 3507 1386 3589 sufficiens,
1419 3529 1553 3571 non
1598 3506 1817 3585 fuerit,
1855 3506 2207 3592 reparandi
2260 3507 2682 3573 relevandive

580 3620 616 3657 “
663 3632 849 3677 casus
907 3610 1285 3696 hujusmodi
1344 3610 1729 3696 ingruentes
1792 3628 1993 3674 onera
2050 3615 2457 3696 supportare,
2521 3615 2682 3675 tunc

579 3721 617 3749 “
663 3713 747 3779 ad
824 3712 993 3778 hanc
1064 3713 1299 3776 cistam
1373 3715 1779 3798 perpetuam,
1857 3716 1927 3776 et
1986 3712 2288 3778 custodes
2363 3713 2677 3797 ejusdem,

577 3823 612 3852 “
659 3837 880 3881 secure
945 3814 1192 3895 vadat3
1257 3819 1328 3879 et
1387 3813 1473 3879 ab
1542 3813 1808 3892 eisdem,
1869 3814 2169 3899 praestito
2245 3815 2683 3881 nihilominus

578 3929 615 3958 “
661 3922 970 4008 primitus
1014 3942 1130 4007 per
1190 3919 1474 3986 eundem
1521 3920 1607 3985 ad
1653 3925 2065 3985 sacrosancta
2127 3919 2255 3984 Dei
2318 3919 2685 4004 Evangelia

580 4032 617 4061 “
654 4025 1039 4109 juramento
1106 4021 1427 4109 corporali
1492 4021 1574 4087 de
1641 4042 1800 4087 vera
1866 4042 1941 4086 ac
2016 4021 2214 4107 plena
2287 4021 2684 4086 resolutione

583 4133 618 4162 “
664 4125 838 4190 infra
878 4125 1256 4204 terminum,
1288 4122 1648 4189 secundum
1690 4121 2156 4188 discretionem
2186 4120 2532 4187 custodum
2562 4121 2684 4187 hu·-

580 4234 618 4264 “
653 4227 963 4312 jusmodi,
1029 4225 1157 4291 sibi
1223 4224 1664 4305 limitandum,
1722 4223 2009 4288 fideliter
2073 4222 2389 4302 facienda,
2450 4228 2685 4290 mutuo

582 4335 620 4364 “
662 4329 957 4414 accipiat,
1020 4332 1219 4414 prout
1264 4326 1644 4412 indiguerit,
1705 4325 1965 4410 hiisque
2010 4329 2348 4391 succurrat
2407 4327 2686 4391 necessi-

579 4438 613 4464 “
659 4429 913 4495 tatibus
988 4450 1140 4514 quae
1221 4432 1560 4514 nequeunt
1651 4427 1899 4513 absque
1975 4427 2259 4494 notabili
2337 4425 2687 4513 dispendio

581 4540 614 4566 “
662 4530 912 4596 diutius
955 4530 1314 4617 prorogari.

661 4775 677 4807 ¹
706 4773 866 4825 earm
883 4774 937 4824 in
959 4774 1073 4825 us.
1624 4772 1638 4840 ι
1731 4772 1755 4804 2
1772 4772 1986 4838 μαι-αα
2007 4773 2058 4825 in
2081 4773 2194 4826 MS.
