3467 5717
1289 829 1566 883 ·sAncr1
1611 830 1886 885 mnu.
2034 781 2043 788 ⁸
2529 820 2661 887 393

554 1023 592 1054 “
643 1014 946 1084 thocollis
1005 1037 1232 1083 eorum
1291 1016 1678 1104 receperint,
1737 1037 1998 1084 necnon
2059 1017 2382 1086 habentes
2443 1019 2662 1086 sciunt
2687 1033 2824 1086 ΑΒ.
2854 1037 2998 1085 1434.

552 1125 592 1156 “
637 1123 707 1186 et
774 1118 1097 1197 detinent,
1144 1118 1462 1185 nonnulla
1518 1119 1693 1206 jura,
1770 1125 1935 1200 acta,
2012 1120 2311 1202 actitata,
2386 1121 2663 1201 litteras,

555 1230 592 1259 “
637 1222 1014 1310 scripturas,
1075 1220 1443 1308 privilegia,
1514 1225 1775 1287 statuta
1837 1222 2035 1309 regia,
2082 1221 2544 1301 instrumenta,
2589 1246 2666 1289 ac

556 1331 594 1361 ‘⁴
639 1324 773 1390 alia
824 1324 983 1409 jura
1043 1328 1113 1389 et
1179 1324 1611 1403 munimenta,
1672 1344 1935 1389 causam
2011 1328 2082 1389 et
2140 1345 2365 1391 causas
2440 1324 2665 1411 hujus-

558 1434 594 1463 “
639 1426 819 1491 modi
864 1429 1327 1491 concernentes
1372 1428 1440 1490 et
1492 1425 1977 1505 concernentia,
2025 1429 2096 1490 et
2142 1448 2259 1513 pro
2291 1426 2666 1495 defensione

560 1534 596 1564 “
632 1526 1114 1612 jurisdictionis
1175 1525 1616 1591 Dominorum
1662 1525 1956 1592 Abbatis
2018 1530 2091 1592 et
2136 1527 2544 1604 ConventuS,
2588 1550 2666 1593 ac

558 1636 594 1667 “
640 1628 937 1705 Hemici,
1024 1627 1484 1715 principalium
1559 1628 2048 1715 praedictorum,
2134 1629 2534 1695 necessarias
2595 1635 2667 1696 et

560 1738 598 1769 “
642 1729 1018 1808 necessaria,
1062 1734 1132 1795 et
1177 1728 1318 1794 sine
1367 1728 1610 1815 quibus
1654 1730 1739 1795 de
1783 1729 2167 1815 hujusmodi
2211 1752 2424 1797 causae
2471 1732 2667 1797 meri-

562 1840 598 1870 “
643 1833 734 1898 tis
779 1832 864 1897 ad
923 1832 1192 1918 plenum
1251 1829 1502 1918 liquere
1550 1851 1687 1896 non
1740 1832 1965 1917 possit.
2060 1830 2480 1920 Quapropter
2540 1834 2668 1899 fui-

561 1939 599 1971 “
643 1956 791 1999 mus
864 1954 986 2020 pro
1058 1936 1249 2020 parte
1309 1931 1668 1999 eorundem
1729 1932 2170 1999 Dominorum
2245 1934 2536 2000 Abbatis
2597 1941 2668 2001 et

561 2042 597 2073 “
644 2036 1046 2114 Conventus,
1128 2056 1205 2101 ac
1283 2034 1580 2112 Henrici,
1637 2033 2124 2121 principalium,
2210 2035 2439 2102 debita
2518 2058 2667 2102 cum

563 2146 601 2176 “
646 2137 973 2204 instantia
1014 2136 1341 2222 requisiti,
1392 2146 1719 2222 quatenus
1781 2136 1911 2202 sibi
1972 2158 2168 2225 super
2210 2137 2332 2203 hoc
2377 2137 2460 2204 de
2506 2136 2529 2176 ¹
2553 2162 2668 2226 op·

564 2247 601 2276 “
647 2245 931 2326 portuno
975 2237 1263 2304 remedio
1307 2236 1671 2324 providere,
1707 2238 2130 2325 Litterasque
2162 2239 2668 2327 Compulsorias,

564 2352 600 2379 “
644 2344 715 2407 in
779 2341 1024 2407 talibus
1086 2339 1230 2406 fieri
1292 2343 1640 2405 consuetas
1699 2344 1894 2406 extra
1963 2341 2330 2407 Romanam
2401 2341 2670 2409 Curiam

564 2451 599 2481 “
647 2448 716 2510 et
760 2443 846 2507 ad
891 2448 1132 2530 partes,
1186 2442 1260 2505 in
1304 2440 1517 2506 forma
1574 2441 1774 2507 solita
1817 2446 1888 2508 et
1948 2447 2279 2521 consueta,
2326 2444 2671 2511 decernere

561 2554 599 2583 “
644 2550 714 2612 et
772 2543 1121 2610 concedere
1189 2541 1874 2630 dignaremur.—Nos
1942 2544 2169 2631 igitur,
2217 2544 2669 2630 Geminianus,

565 2654 603 2684 “
649 2647 933 2723 Electae,
979 2649 1049 2710 et
1093 2644 1387 2710 Auditor
1447 2644 1782 2731 praefatus,
1831 2646 2254 2712 attendentes
2300 2648 2671 2734 requisitio-

566 2758 603 2787 “
648 2772 801 2815 nem
845 2747 1226 2834 hujusmodi
1269 2747 1408 2812 fore
1465 2747 1724 2832 justam
1771 2752 1842 2813 et
1885 2769 2240 2814 consonam
2293 2751 2556 2829 rationi,
2601 2757 2672 2817 et

567 2860 604 2889 “
648 2851 809 2939 quia
845 2849 1031 2936 justa
1075 2848 1332 2937 petenti
1360 2869 1492 2914 non
1525 2853 1625 2914 est
1668 2849 2096 2937 denegandus
2125 2872 2444 2932 assensus,
2477 2853 2670 2919 boni-

564 2960 601 2992 “
647 2974 775 3039 que
825 2950 1070 3038 judicis
1114 2950 1205 3016 sit
1267 2954 1509 3017 cuncta
1553 2950 1801 3029 rimari,
1854 2973 1958 3030 ne,
2022 2953 2363 3019 occasione
2414 2954 2671 3039 jurium

568 3063 605 3093 “
651 3054 957 3143 ²patrum
1002 3052 1160 3119 hinc
1206 3052 1382 3132 inde,
1417 3051 1531 3138 jus
1573 3052 1849 3139 alicujus
1894 3054 2253 3119 earundem
2298 3055 2522 3121 valeat
2564 3058 2673 3123 de-

568 3165 603 3195 “
648 3156 878 3245 perire,
906 3154 1145 3221 idcirco
1192 3153 1590 3219 auctoritate
1634 3154 2041 3241 Apostolica,
2073 3155 2264 3221 nobis
2308 3157 2672 3239 commissa,

567 3268 602 3298 “
649 3264 718 3328 et
761 3281 893 3347 qua
937 3256 1281 3345 fungimur
1324 3255 1399 3320 in
1443 3254 1568 3322 hac
1596 3260 1805 3342 parte,
1838 3277 1959 3322 vos
2005 3278 2233 3323 omnes
2278 3264 2348 3325 et
2381 3258 2675 3347 singulos

568 3371 607 3402 ‘⁴
652 3360 1077 3451 supradictos,
1110 3362 1180 3424 et
1226 3361 1524 3423 vestrum
1571 3357 1941 3442 quemlibet
1980 3357 2052 3423 in
2097 3359 2399 3441 solidum,
2446 3366 2676 3429 tenore

568 3472 606 3503 “
652 3461 1055 3554 presentium
1113 3458 1510 3546 requirimus
1553 3466 1623 3525 et
1684 3480 2046 3542 monemus,
2091 3460 2325 3547 primo,
2370 3464 2672 3544 secund0,

569 3575 610 3645 “,
652 3564 855 3634 tertio
908 3568 979 3630 et
1042 3561 1498 3649 peremptorie,
1561 3562 2004 3628 communiter
2068 3568 2137 3629 et
2206 3564 2492 3646 divisim,
2557 3588 2675 3633 vo-

571 3677 608 3708 “
652 3668 886 3754 bisque
952 3663 1402 3743 nihilominus,
1458 3667 1528 3729 et
1588 3668 1885 3730 vestrum
1947 3664 2236 3743 cuilibet,
2299 3666 2373 3732 in
2423 3668 2676 3736 virtute

572 3779 608 3809 “
654 3774 901 3837 sanctae
967 3764 1381 3845 obedientiae,
1430 3770 1500 3831 et
1553 3765 1677 3831 sub
1723 3766 1901 3832 infra
1957 3767 2353 3856 scriptarum
2412 3776 2675 3837 senten-

567 3879 605 3911 “
649 3873 898 3940 tiarum
944 3869 1175 3956 poenis,
1220 3867 1519 3934 districte
1563 3868 2005 3955 praecipiendo
2067 3870 2471 3952 mandamus,
2516 3895 2677 3959 qua-

569 3982 608 4013 “
651 3980 863 4052 tenus,
893 3971 1069 4037 infra
1111 3991 1232 4037 sex
1277 3970 1531 4037 dierum
1563 3970 1853 4056 spatium
1898 3975 2052 4057 post
2098 3974 2678 4058 praesentationem

570 4083 607 4113 “
650 4096 765 4141 seu
808 4071 1328 4139 notificationem
1380 4070 1829 4158 praesentium,
1876 4070 2068 4136 vobis
2127 4093 2247 4138 seu
2293 4073 2487 4138 alteri
2532 4096 2679 4140 ves-

571 4186 610 4217 “
656 4183 838 4244 trum
872 4175 1132 4252 factam,
1175 4178 1246 4239 et
1291 4177 1639 4260 postquam
1683 4194 1804 4260 pro
1852 4177 2041 4260 parte
2088 4173 2415 4240 dictorum
2450 4175 2680 4243 Domi-

572 4287 608 4317 “
653 4300 889 4345 norum
916 4275 1204 4342 Abbatis
1235 4280 1304 4341 et
1336 4275 1736 4353 Conventus,
1763 4295 1841 4338 ac
1870 4274 2163 4358 Henrici,
2197 4276 2678 4366 principalium,

571 4390 610 4419 ‘⁸
655 4382 684 4420 ³
703 4381 930 4469 vigore
976 4377 1419 4466 praesentium,
1467 4397 1663 4463 super
1708 4376 1831 4442 hoc
1875 4376 2136 4443 fueritis
2187 4379 2510 4466 requisiti,
2562 4404 2680 4448 seu

640 4661 656 4693 ¹
678 4666 915 4725 oportuno
936 4656 991 4708 in
1011 4656 1126 4709 MS.
1612 4652 1624 4786 Ι
1717 4651 1741 4685 ⁸
1765 4653 1983 4717 viroyore
2006 4652 2060 4704 in
2082 4655 2196 4706 MS.

641 4741 663 4772 ²
684 4738 769 4791 Sic
793 4737 846 4788 in
867 4736 983 4788 MS.
