3467 5717
1397 808 1758 862 Arrenmx
1805 797 1925 882 (c).
2593 797 2726 864 423

601 1003 638 1037 ‘⁶
681 999 1025 1079 celebrare,
1069 1020 1219 1067 cum
1262 1000 1680 1067 vestimentis
1725 999 1939 1067 eidem
1991 998 2188 1066 altari
2231 997 2585 1086 deputatis,
2630 1000 2705 1065 in

600 1110 633 1138 “
680 1101 963 1189 quadam
1009 1102 1176 1169 cista
1217 1102 1465 1168 ibidem
1508 1102 1834 1190 repositis,
1877 1101 2209 1189 capientes
2251 1102 2407 1168 inde
2453 1102 2704 1168 clavem

602 1213 633 1240 “
680 1211 750 1270 et
794 1206 1062 1272 calicem
1114 1205 1196 1272 de
1257 1205 1629 1272 Feretrario
1674 1203 2082 1287 Monasterii,
2144 1210 2213 1269 et
2270 1209 2421 1291 post
2479 1225 2705 1270 eorum

601 1315 637 1342 “
684 1307 977 1393 Missam,
1023 1308 1200 1374 sicut
1244 1308 1517 1374 solitum
1562 1308 1799 1390 fuerat,
1847 1305 2063 1373 eidem
2106 1303 2580 1393 reportantes.’'

689 1461 797 1526 Ex
840 1463 1099 1551 scriptis
1143 1484 1428 1550 namque
1480 1461 1985 1551 quamplurimis
2052 1461 2216 1526 satis
2277 1461 2482 1527 claret
2528 1460 2705 1547 quod

599 1563 900 1629 monachi
944 1569 1014 1631 et
1059 1565 1354 1630 doctores
1384 1565 1618 1631 famosi
1662 1564 1936 1629 fuerunt
1981 1563 2052 1628 in
2099 1561 2349 1628 Sancta
2395 1562 2705 1643 Ecclesia,

597 1671 667 1732 et
710 1666 1172 1754 praedicatores
1215 1666 1532 1754 praecipui
1560 1692 1577 1749 ;
1622 1687 1900 1753 quorum
1946 1664 2205 1751 scriptis
2248 1664 2412 1730 fides
2460 1663 2705 1731 Catho-
2833 1737 2848 1750 Ι

598 1768 724 1834 lica
754 1771 1092 1851 dilatatur,
1116 1769 1576 1835 haereticorum
1604 1769 1903 1856 pravitas
1932 1766 2325 1848 confutatur,
2359 1771 2429 1832 et
2461 1765 2705 1832 Sancta

597 1892 714 1957 per
757 1871 982 1936 orbem
1013 1871 1304 1937 Ecclesia
1334 1871 1685 1938 roboratur
1710 1896 1728 1953 ;
1772 1892 1894 1936 nec
1922 1870 2180 1956 uspiam
2210 1869 2507 1934 invenies
2536 1891 2703 1955 pene

595 1994 989 2059 quemquem
1020 1973 1343 2040 famosum
1373 1974 1709 2040 doctorem
1742 1970 2009 2039 Sanctae
2053 1970 2374 2052 Ecclesiae,
2423 1971 2539 2055 qui
2567 1992 2705 2035 non

594 2076 700 2140 vel
744 2068 1103 2141 monachus
1146 2076 1292 2155 fuit,
1341 2076 1450 2142 vel
1500 2098 1619 2162 per
1683 2073 2035 2140 monachos
2096 2074 2327 2139 doctus
2370 2072 2701 2158 primitus,

595 2181 665 2243 et
705 2177 1085 2244 instructus.
1180 2177 1472 2244 Revolve
1503 2178 1696 2244 Vitas
1727 2175 2191 2264 quorumlibet,
2225 2179 2296 2240 et
2326 2175 2700 2261 comperies,

582 2278 792 2367 ‹hujus
836 2278 1217 2346 assertionis
1258 2301 1422 2346 meae
1469 2280 1543 2344 in
1589 2278 2038 2346 voluminibus
2088 2276 2267 2342 mille
2326 2281 2570 2357 testes3
2634 2281 2706 2342 et

604 2381 736 2467 qui,
798 2402 1043 2468 precor,
1098 2382 1341 2449 Studia
1387 2382 1598 2449 totius
1647 2382 1882 2447 mundi
1938 2379 2147 2467 magis
2210 2378 2463 2443 famosa
2521 2378 2705 2465 prius

596 2481 1096 2565 inchoaverunt,
1130 2489 1199 2550 et
1239 2488 1472 2572 postea
1515 2487 1899 2564 evexerunt,
1930 2482 2062 2547 nisi
2105 2480 2461 2547 monachi?
2550 2479 2705 2544 Dis-

598 2585 802 2673 cipuli
862 2607 1147 2672 namque
1199 2585 1429 2653 Sancti
1493 2587 1711 2665 Bedae,
1778 2585 1805 2624 1
1827 2582 2195 2673 presbyteri
2257 2587 2327 2648 et
2403 2580 2705 2647 monachi

602 2686 650 2752 J
653 2687 916 2767 arienis,
964 2686 991 2727 ²
1009 2688 1345 2770 RobanuS‚
1389 2689 1799 2775 Alchuynus,
1857 2684 2187 2762 Claudius,
2242 2687 2312 2748 et
2363 2682 2412 2748 J
2413 2682 2705 2748 ohannes

599 2787 853 2870 Scotu8‚
878 2790 1165 2877 primum
1196 2788 1364 2855 illud
1396 2789 1648 2856 celebre
1674 2787 1989 2855 Studium
2020 2784 2368 2852 instituere
2389 2784 2702 2867 Parisius,

598 2892 681 2958 de
726 2913 857 2979 quo
886 2896 1115 2980 postea
1158 2897 1263 2959 tot
1308 2891 1602 2959 doctores
1646 2892 2207 2980 processerunt,—

1045 3011 1081 3041 “
1128 3006 1404 3087 —Quot
1446 3008 1519 3072 in
1562 3004 1808 3072 aethere
1851 3003 2068 3069 sidera
2111 3000 2353 3077 lucent,

866 3111 905 3143 “
955 3107 1302 3195 Parvaque
1348 3113 1511 3195 quot
1555 3109 1762 3174 siccus
1805 3125 2076 3193 (201‘1301‘a
2117 3100 2338 3189 PUJViS
2382 3099 2644 3167 habet.”

695 3225 972 3313 Expost‚
1002 3225 1316 3294 Studium
1347 3228 1477 3294 toti
1506 3228 1650 3293 orbi
1678 3222 2296 3300 nominatissimum,
2331 3217 2707 3285 oxoniense

598 3327 793 3406 dict0‚
855 3328 1004 3415 quis
1086 3328 1412 3412 fundavit,
1471 3329 1603 3394 nisi
1661 3328 1874 3395 nostri
1935 3323 2210 3392 Ordinis
2267 3320 2710 3408 professores?

598 3430 1049 3516 Pleymundus
1138 3431 1389 3518 utique,
1480 3430 2029 3517 Archiepiscopus
2116 3422 2562 3502 Doroberniae,
2639 3427 2709 3488 et

597 3530 624 3570 ⁸
647 3531 1002 3620 Aeser-yon,
1049 3533 1301 3600 Praesul
1349 3533 1854 3614 Schireburniae,
1903 3530 2316 3613 Sanctusque
2357 3523 2708 3590 Grumbal-

599 3633 742 3712 dus,
775 3633 1006 3699 Abbas
1038 3634 1121 3699 de
1170 3635 1381 3720 Hyda
1412 3634 1818 3723 Wyntoniae,
1865 3634 2025 3698 sunt
2056 3626 2451 3695 Oxoniensis
2482 3625 2707 3692 Studii

596 3734 1018 3814 fundatores3
1100 3735 1276 3823 quod
1328 3758 1537 3824 usque
1603 3738 1677 3802 in
1751 3738 2142 3824 praesentem
2223 3729 2416 3810 diem,
2491 3726 2708 3793 velint

596 3836 831 3920 nolint,
893 3838 1235 3904 saeculares
1294 3839 1511 3905 clerici
1567 3839 1766 3905 fateri
1828 3839 2190 3925 coguntur3
2262 3831 2421 3897 dum
2480 3828 2706 3893 nullus

598 3938 1033 4026 Magistratus
1089 3940 1372 4028 gradum
1430 3942 1683 4008 intrare
1742 3938 2171 4027 permittitur,
2226 3932 2357 3997 nisi
2408 3934 2708 3995 ocreatus

597 4045 665 4106 et
693 4040 881 4126 pulla
909 4040 1199 4108 chimera
1227 4043 1532 4123 vestitus,
1563 4042 1638 4107 in
1686 4043 1951 4129 signum
2003 4036 2179 4123 quod
2209 4033 2452 4098 debent
2479 4051 2709 4096 mona-

598 4141 736 4207 chis
763 4163 884 4228 pro
932 4164 1053 4209 sua
1089 4144 1520 4211 institutione
1574 4141 2034 4222 reverentiam,
2086 4141 2167 4202 ut
2218 4134 2311 4200 eis
2363 4133 2437 4197 in
2497 4131 2709 4198 colore

597 4241 868 4309 habitus
912 4266 982 4310 se
1037 4245 1487 4313 conforment:
1545 4249 1614 4312 et
1665 4265 1803 4311 non
1853 4242 2066 4310 solum
2115 4236 2413 4314 Oxoniae,
2463 4232 2580 4299 sed
2640 4238 2712 4299 et

598 4345 1106 4435 Cantebriggiae,
1137 4349 1457 4435 praedicta
1498 4346 1904 4416 consuetudo
1948 4341 2276 4410 artissime
2305 4338 2708 4406 observatur.

601 4446 710 4513 Ex
760 4448 893 4515 hiis
937 4448 1511 4518 Universitatibus
1554 4456 1663 4518 tot
1704 4449 1734 4489 ⁴
1750 4444 2182 4539 grammatici,
2226 4446 2335 4509 tot
2379 4438 2711 4528 sophistae,

665 4649 684 4681 ¹
697 4648 964 4715 presbiteri
984 4651 1038 4702 in
1057 4652 1174 4705 MS.
1371 4623 1381 4632 ¹
1767 4653 1790 4685 ³
1812 4649 2086 4715 Generally
2103 4647 2293 4698 known
2314 4656 2371 4695 as
2391 4644 2424 4672 “
2437 4637 2641 4694 Anser?

666 4726 690 4760 ²
708 4728 973 4794 Rabanus,
994 4730 1106 4785 first
1127 4730 1306 4785 Abbot
1341 4732 1399 4784 of
1423 4732 1606 4796 Fulda,
1772 4731 1795 4762 ⁴
1813 4728 2069 4798 gramatici
2087 4726 2142 4778 in
2164 4723 2280 4777 MS.

616 4821 643 4858 s
665 4813 851 4859 meant.

2339 4897 2376 4916 Q
