3467 5717
770 815 902 880 436
1555 824 1913 876 Arrnumx
1963 808 2089 896 (n).

759 1008 939 1093 jaeet
962 1008 1290 1076 Dominus
1312 1006 1683 1076 Willelmus
1714 1007 1735 1046 ¹
1751 1011 1976 1092 Trent,
1999 1007 2337 1096 quondam
2368 1005 2560 1075 Prior
2581 1006 2664 1073 de
2694 1006 2873 1072 Hat-

766 1111 950 1191 felde‚
1001 1116 1071 1177 et
1117 1108 1910 1198 ²Sub·Eleemosyna1·ius,
1955 1110 2429 1198 grammaticus
2491 1109 2870 1198 profunduS,

768 1218 839 1277 et
882 1214 1247 1280 instructor
1290 1215 1758 1280 monachorum
1820 1213 2209 1301 praeeipuus,
2254 1212 2381 1278 sub
2442 1212 2660 1301 lapide
2703 1212 2872 1276 duro

768 1319 839 1379 et
884 1316 1181 1403 simplici,
1242 1338 1319 1381 ae
1362 1315 1577 1404 plan0‚
1640 1317 1783 1403 ejus
1840 1317 2132 1382 fortunae
2193 1320 2615 1403 congruente,
2684 1314 2873 1400 eujus

766 1416 994 1484 laudes
1038 1422 1109 1484 et
1152 1418 1472 1485 beneficia
1536 1440 1673 1484 non
1737 1417 1891 1484 silet
1952 1417 2072 1482 illa
2136 1417 2444 1484 ecelesia:
2515 1413 2542 1453 ⁸
2563 1422 2632 1482 et
2667 1415 2873 1503 juxta

767 1520 1018 1586 dietum
1070 1521 1468 1588 Willelmum
1514 1520 1844 1587 Dominus
1872 1520 2205 1587 Robertus
2249 1520 2449 1585 Ware
2477 1518 2604 1585 sub
2648 1519 2872 1605 lapide

764 1643 1127 1688 marmoreo
1171 1622 1566 1703 reconditur,
1597 1622 1901 1711 pluribus
1931 1622 2156 1690 officiis
2198 1622 2273 1687 in
2301 1621 2424 1688 hoe
2469 1621 2872 1688 monasterio

761 1723 835 1788 in
879 1745 1001 1789 sua
1038 1725 1186 1790 vita
1230 1731 1557 1793 oneratus.

853 1824 939 1890 In
984 1826 1092 1892 ala
1126 1848 1286 1893 vero
1318 1827 1620 1894 Australi
1664 1848 1896 1894 versus
1923 1825 1953 1865 4
1969 1827 2441 1909 coemeterium,
2475 1827 2620 1892 sive
2670 1826 2869 1914 Capi-

763 1928 978 1994 tulum
1008 1929 1496 2009 monachorum,
1526 1951 1745 1996 eoram
1774 1928 1800 1968 ⁵
1818 1929 2108 2017 imagine
2136 1928 2402 1995 Sanctae
2438 1929 2689 2010 Mariae,
2721 1952 2869 2016 quae

762 2030 1007 2097 dieitur
1053 2039 1088 2066 “
1105 2031 1446 2114 Pulchra‚'’
1478 2033 1659 2119 jaeet
1725 2031 1851 2098 sub
1913 2032 2054 2097 solo
2116 2032 2484 2117 pavimenti
2543 2032 2871 2097 Dominus

763 2131 1135 2199 Willelmus
1181 2133 1432 2216 Heron,
1464 2135 1796 2221 quondam
1842 2133 2033 2200 Prior
2061 2133 2607 2221 Walyngfordiae,
2653 2134 2869 2201 eidem

762 2234 1033 2323 Virgini
1061 2237 1473 2324 perfervidus
1503 2237 1577 2303 in
1616 2236 1988 2304 devotione.
2069 2235 2278 2322 Cujus
2308 2235 2538 2301 laudes
2567 2241 2641 2302 et
2670 2236 2871 2302 bene-

760 2337 913 2404 ficia
956 2339 1136 2406 inter
1179 2340 1438 2407 Priores
1484 2338 2004 2427 Walyngfordiae
2050 2339 2576 2405 dinumerantur.

850 2440 1063 2530 Prope
1107 2443 1249 2529 ejus
1293 2443 1626 2510 tumulum
1671 2442 1940 2523 ibidem,
1987 2463 2217 2508 versus
2261 2440 2604 2520 Austrum,
2651 2438 2679 2480 ⁶
2685 2441 2869 2527 jacet

759 2542 1090 2610 Dominus
1120 2549 1188 2609 et
1222 2544 1541 2632 Magister
1586 2544 1905 2611 Nicolaus
1937 2544 2272 2624 ffldcliffe,
2306 2544 2414 2608 vir
2456 2544 2622 2611 vitae
2665 2566 2865 2610 vene-

758 2644 1003 2723 rabilis,
1050 2651 1119 2711 et
1177 2644 1357 2711 inter
1408 2646 1748 2735 theologos
1815 2647 1954 2713 suis
2026 2646 2434 2735 temporibus
2477 2652 2708 2712 eontra
2749 2647 2797 2712 J
2797 2669 2869 2712 o-

756 2745 1045 2812 hannem
1110 2745 1399 2833 Wyelyf,
1468 2748 1873 2828 haereticum,
1953 2754 2374 2836 expugnator
2447 2748 2866 2829 fortissimus,

759 2853 830 2914 et
888 2848 1118 2915 doctor
1190 2848 1216 2892 ⁷
1240 2849 1542 2932 eximius,
1618 2850 1839 2938 lapide
1915 2871 2282 2918 marmoreo
2357 2856 2426 2916 et
2496 2850 2863 2939 epitaphiO,

759 2951 1134 3037 sumptibus
1180 2951 1457 3018 Domini
1516 2951 1842 3019 Willelmi
1901 2952 2205 3034 Abbatis,
2266 2952 2653 3033 redimitus3
2698 2952 2864 3018 olim

757 3052 944 3119 Prior
986 3053 1068 3119 de
1132 3053 1650 3140 Wymundham‚
1696 3076 1775 3122 ae
1841 3054 2041 3140 hujus
2107 3054 2491 3122 monasterii
2551 3054 2735 3142 prius
2796 3060 2868 3121 et

756 3161 987 3242 postea
1051 3156 1623 3241 Archidiaeonus:
1674 3156 1863 3243 eujus
1930 3155 2161 3223 laudes
2224 3161 2296 3222 et
2359 3155 2709 3223 benefacta
2792 3156 2869 3221 in

755 3256 962 3324 Libro
1021 3258 1544 3346 Benefactmmm
1609 3258 1832 3346 palam
1906 3258 2134 3325 valent
2192 3258 2443 3324 intueri
2487 3260 2867 3347 perscripta.

755 3356 973 3427 Juxta
1035 3360 1223 3447 eujus
1297 3361 1658 3443 tumulum,
1730 3362 1857 3427 sub
1919 3359 2141 3448 lapide
2202 3382 2586 3441 marmoreo,
2648 3361 2870 3426 media

754 3461 970 3547 figura
1029 3463 1333 3529 monaehi
1393 3462 1570 3529 infra
1634 3462 2133 3529 tabernaculum
2200 3463 2633 3549 superposita,
2686 3462 2869 3549 jacet

755 3561 1082 3629 Dominus
1128 3564 1458 3631 Robertus
1504 3564 1575 3631 N
1577 3570 1789 3646 erton,
1836 3563 2174 3651 quondam
2234 3568 2532 3651 tempore
2579 3563 2869 3629 Michae-

754 3662 840 3728 lis
883 3664 1172 3731 Abbatis
1218 3666 1409 3732 Prior
1452 3667 1653 3754 hujus
1696 3666 2101 3736 monasterii.
2273 3703 2286 3710 ·

825 3902 841 3937 ¹
865 3905 929 3956 In
962 3921 995 3956 a
1024 3903 1159 3956 Note
1201 3903 1397 3957 written
1419 3906 1594 3969 above,
1646 3907 1764 3972 (fol.
1923 3905 1990 3956 N
1986 3923 2079 3957 unc
2096 3907 2254 3973 juxta
2277 3921 2451 3957 morem
2476 3907 2713 3957 miserata
2732 3922 2866 3957 rece-

762 3988 851 4035 131
894 3987 968 4048 a,)
1005 3999 1089 4036 are
1132 3985 1218 4036 the
1248 3984 1515 4052 following
1557 3987 1767 4049 liues,—
1984 3987 2069 4051 pit
2087 3983 2303 4037 olentem.

755 4064 843 4113 the
898 4065 1038 4114 word
1093 4066 1127 4094 ‘⁴
1144 4063 1280 4114 ἧσθ’
1344 4064 1498 4131 being
1567 4067 1764 4118 written
1920 4063 1943 4097 ²
1967 4063 2442 4116 Submotis-arius
2462 4065 2519 4116 in
2540 4065 2656 4116 MS.

755 4145 790 4171 ‘⁸
805 4140 921 4192 Ιιοοε
936 4142 1049 4191 .·'’—
1920 4143 1943 4176 ⁸
1967 4143 2135 4195 These
2158 4146 2340 4207 words,
2364 4145 2513 4195 down
2546 4153 2601 4196 to
2636 4150 2672 4175 ‘⁸
2687 4160 2865 4196 oum·

822 4220 966 4271 Alter
988 4222 1195 4272 donam
1207 4221 1482 4285 Willelmus,
1509 4227 1542 4254 “
1561 4224 1714 4275 Treui
1731 4224 1765 4251 ’⁹
1853 4226 1884 4253 “
1907 4222 2037 4285 ΜΓ
2074 4237 2160 4274 are
2201 4224 2367 4275 added
2399 4223 2453 4273 in
2476 4239 2508 4273 a
2542 4223 2672 4274 later
2706 4224 2863 4275 hand.

888 4302 1144 4364 vocitatus,
1852 4302 2045 4354 Robert
2100 4301 2257 4353 Ware
2302 4318 2408 4354 vas
2462 4302 2628 4369 living
2670 4302 2725 4353 in
2775 4303 2868 4355 the

820 4380 955 4431 Ante
983 4379 1170 4446 qradas
1193 4381 1343 4446 jacet
1378 4380 1481 4445 1000,
1512 4398 1604 4432 nos
1629 4382 1766 4446 fecit
1852 4381 2151 4447 Momtery
2171 4397 2229 4434 so
2251 4381 2353 4433 late
2373 4397 2431 4434 ns
2458 4386 2603 4433 1451.

887 4458 1105 4524 doqmate
1125 4458 1276 4510 loetoa.
1916 4460 1938 4493 ⁴
1958 4462 2241 4512 εἰπιίιωῑωιι
2261 4461 2316 4512 in
2339 4460 2453 4514 MS.

752 4538 878 4589 And
902 4540 1063 4590 above
1100 4537 1244 4590 these
1277 4537 1426 4601 lines,
1458 4537 1514 4590 in
1550 4538 1762 4592 another
1915 4539 1937 4573 ⁸
1953 4540 2178 4607 μορίω
2200 4539 2257 4590 in
2277 4538 2395 4593 MS.

752 4616 888 4667 hand
903 4638 988 4669 2·-
1914 4618 2122 4686 ‘jacent
2152 4619 2207 4670 in
2230 4618 2345 4671 MS.

825 4694 1169 4825 orozoefloeem
1189 4713 1325 4762 quem
1342 4705 1478 4750 term
1498 4697 1630 4750 dedic
1649 4696 1758 4750 red-
1913 4696 1937 4737 ⁷
1959 4700 2172 4750 eximens
2192 4697 2247 4750 in
2267 4697 2386 4751 MS.

957 4782 1097 4838 ntem,
