3467 5717
843 791 974 867 2¹70
1490 811 1810 873 ANNALES
1853 811 2276 873 nomem-nnn

503 1007 875 1076 A.n.14ss,9.“
921 1000 1252 1069 Willelmo
1306 999 1494 1067 Flete
1551 982 1670 1089 p'er
1712 1000 1967 1090 copiam
2018 1000 2239 1077 Ouriae
2293 1000 2603 1073 Sacristae
2647 1006 2949 1094 praedicti

839 1112 877 1145 “
922 1105 996 1175 in
1040 1105 1659 1187 Rikemersworthe‚
1706 1105 2001 1175 tenenda
2043 1128 2163 1193 per
2204 1107 2465 1196 virgam
2509 1111 2599 1179 od
2641 1111 2949 1183 volunta-

840 1213 878 1243 “
925 1214 1061 1273 tem
1107 1207 1377 1289 domini,
1420 1229 1538 1295 per
1596 1208 1873 1277 servitia.
1924 1214 1995 1279 et
2055 1211 2561 1283 consuetudines
2612 1219 2942 1295 consuete,

840 1317 875 1344 ‘⁴
922 1310 1283 1379 secundum
1314 1312 1856 1379 consuetudinem
1888 1312 2186 1395 manerii,
2218 1319 2279 1380 et
2307 1320 2559 1383 coetera.
2649 1315 2741 1382 Et
2768 1316 2945 1402 quod

838 1419 872 1449 ‘·
920 1413 1270 1500 praedictus
1317 1413 1686 1483 Willelmus
1735 1414 1943 1495 Flete,
1990 1414 2281 1485 haeredes
2325 1421 2396 1485 et
2439 1418 2754 1504 assignati
2822 1419 2942 1498 sui,

838 1522 873 1549 ‘⁴
921 1520 1219 1585 tenentes
1263 1516 1598 1603 praedictae
1642 1517 1819 1583 hidae
1859 1521 2112 1587 vooatae
2159 1517 2636 1600 ‘Blakethidess
2680 1519 2942 1587 solvant

838 1624 873 1653 “
919 1619 1266 1687 annuatim
1309 1618 1488 1684 dicto
1533 1618 1823 1689 Domino
1863 1618 2139 1705 Abbati,
2169 1624 2240 1695 et
2283 1621 2760 1691 successoribus
2804 1623 2941 1688 suis

832 1730 865 1756 “
914 1720 1267 1807 praedictiS,
1315 1719 1661 1787 duodecim
1706 1721 2010 1789 denarios
2057 1722 2141 1791 de
2185 1727 2363 1789 certo
2408 1722 2545 1790 fine
2604 1724 2940 1811 praedictae

833 1828 870 1859 “
915 1822 1090 1895 hidae
1119 1823 1499 1910 pertinente
1521 1823 1699 1889 visui
1730 1822 1939 1893 franci
1968 1824 2217 1912 pleggii
2247 1825 2565 1913 praedicti.
2657 1826 2940 1895 Ordina-

834 1933 866 1960 “
919 1926 1019 1993 vit
1063 1926 1266 1993 etiam
1313 1925 1494 1991 idem
1518 1925 1916 1997 ·Willelmus
1962 1925 2427 2015 Babyngtone‚
2472 1950 2589 2015 pro
2633 1951 2710 1997 eo
2755 1930 2934 2015 quod

834 2033 868 2063 “
914 2027 1227 2114 pmdicta
1254 2049 1405 2097 acra
1433 2027 1608 2114 prati
1638 2028 1713 2093 in
1741 2028 2280 2115 Aldeburymede
2310 2035 2414 2099 est
2448 2030 2561 2117 jus
2590 2031 2933 2118 antiquam

832 2136 867 2163 “
914 2130 1198 2201 ecclesiae
1261 2130 1674 2218 supradictae,
1720 2152 1839 2217 per
1911 2132 2283 2201 evidentias
2356 2132 2564 2220 ipsius
2630 2133 2936 2214 Abbatis,

829 2238 863 2273 “
910 2233 1100 2319 plene
1144 2234 1354 2320 liquet
1400 2233 1577 2319 quod
1636 2233 1995 2321 praedictus
2037 2234 2269 2305 Abbas
2310 2235 2556 2307 habeat
2598 2241 2669 2303 et
2712 2241 2936 2305 teneat

829 2340 866 2371 “
911 2336 1057 2417 sibi,
1111 2341 1182 2403 et
1239 2336 1714 2405 successoribus
1759 2336 1896 2403 suis
1956 2337 2032 2405 in
2091 2343 2506 2425 perpetuum,
2552 2339 2935 2426 praedictam

828 2444 862 2475 “
910 2460 1125 2507 acram
1199 2439 1392 2527 prati,
1467 2459 1616 2504 cum
1705 2437 2146 2525 pertinentiis,
2233 2440 2304 2505 in
2379 2440 2932 2528 Aldeburymede‚

827 2545 862 2575 “
908 2541 1153 2628 absque
1211 2541 1688 2628 impedimento
1735 2541 1842 2609 vel
1895 2542 2226 2617 calumnia
2268 2543 2571 2629 praedicti
2621 2543 2931 2615 Willelmi

830 2650 867 2678 “
913 2642 1118 2724 Flete,
1168 2643 1519 2723 haeredum,
1555 2644 1663 2710 vel
1710 2644 2194 2731 assignatorum
2239 2667 2553 2727 suorum3
2604 2646 2928 2733 quodque,

825 2751 863 2787 “
911 2768 1027 2833 pro
1057 2746 1540 2833 inquietatione
1569 2747 1928 2821 eorundem
1958 2746 2246 2815 Abbatis
2274 2753 2343 2819 et
2372 2748 2760 2819 Conventus
2789 2750 2928 2817 evi-

825 2855 865 2885 “
909 2849 1129 2926 tanda,
1158 2849 1335 2917 idem
1381 2848 1756 2917 Willelmus
1787 2849 1978 2917 Flete
2022 2854 2092 2918 et
2135 2849 2384 2919 feoffati
2425 2852 2530 2917 sui
2574 2872 2693 2938 per
2720 2852 2928 2939 quod·

826 2958 858 2988 “
906 2952 1061 3021 dam
1107 2952 1424 3039 scriptum
1461 2973 1655 3019 suum
1700 2951 2102 3025 sufficienter
2143 2952 2622 3023 confirmabunt
2668 2959 2920 3023 statum

826 3062 861 3090 “
909 3061 976 3123 et
1007 3055 1478 3144 possessionem
1508 3055 1864 3122 eorundem
1894 3054 2180 3125 Abbatis
2209 3059 2280 3123 et
2308 3055 2689 3123 Conventus
2717 3057 2791 3123 in
2820 3078 2929 3123 ea-

824 3165 857 3194 “
904 3159 1054 3225 dem
1084 3180 1236 3229 acra
1270 3158 1467 3246 preti,
1496 3179 1645 3223 cum
1675 3156 2111 3244 pertinentiis,
2144 3157 2219 3222 in
2245 3156 2438 3227 feodo
2468 3157 2765 3245 simplici.
2835 3158 2928 3224 Et

826 3266 862 3296 “
907 3261 1126 3329 dictus
1155 3260 1386 3331 Abbas
1429 3282 1548 3347 per
1589 3260 1912 3347 scriptum
1956 3258 2302 3339 sufficiens,
2332 3259 2551 3347 sigillo
2596 3263 2927 3332 communi

823 3370 856 3399 “
904 3364 1156 3430 Domus
1179 3363 1407 3431 Sancti
1424 3361 1671 3431 Albani
1703 3361 2090 3449 sigillatum,
2115 3361 2431 3433 concedet
2458 3363 2739 3450 praefato
2763 3363 2929 3433 Wil-

822 3473 857 3500 “
905 3466 1099 3533 lelmo
1147 3465 1356 3548 Flete,
1402 3464 1793 3547 haeredibus,
1840 3468 1911 3530 et
1962 3465 2317 3552 assignatis
2378 3464 2533 3545 suis,
2578 3466 2754 3552 quod
2798 3467 2925 3553 ipsi

822 3573 859 3605 ‘⁶
907 3566 1250 3637 habebunt
1294 3572 1441 3637 toto
1485 3572 1783 3654 tempore
1826 3565 1988 3633 anni
2039 3571 2380 3653 pasturam
2425 3568 2500 3632 in
2543 3567 2924 3655 Burymore,

820 3676 855 3703 “
903 3669 1078 3755 quod
1108 3674 1210 3737 est
1240 3670 1585 3747 inclusum,
1604 3670 1691 3739 ad
1721 3673 2006 3756 quatuor
2034 3670 2249 3756 pullos
2279 3670 2553 3756 equinos
2579 3694 2598 3752 3
2629 3675 2699 3736 et
2728 3670 2921 3752 ultra,

820 3777 858 3805 “
902 3770 1079 3836 idem
1123 3770 1494 3839 Willelmus
1540 3771 1726 3841 Flete
1770 3771 2065 3850 habebit,
2100 3772 2385 3841 durante
2415 3772 2562 3839 vita
2607 3793 2743 3852 sua,
2799 3771 2924 3837 ibi-

817 3878 853 3909 “
899 3874 1050 3941 dem
1093 3876 1450 3960 pasturam,
1487 3895 1606 3959 pro
1650 3872 1908 3941 duobus
1952 3872 2152 3960 pullis
2198 3873 2473 3960 equinis,
2564 3873 2923 3945 Ordinavit

819 3983 854 4013 “
899 3976 1104 4043 etiam
1165 3977 1343 4042 idem
1387 3976 1767 4045 Willelmus
1827 3975 2282 4063 Babyngtone,
2331 3977 2512 4062 quod
2568 3977 2922 4063 praedictus

819 4085 856 4115 ‘⁴
908 4078 1273 4149 willelmus
1305 4077 1494 4144 Flete
1535 4078 1821 4147 intrabit
1867 4078 1939 4145 in
1983 4078 2316 4165 quoddam
2361 4084 2813 4147 tenementum
2848 4079 2920 4144 in

815 4188 852 4218 “
900 4180 1260 4262 Watforde,
1329 4184 1641 4251 vocatum
1717 4184 1735 4227 ⁶
1767 4179 2150 4259 Blakettes,'
2226 4202 2374 4249 cum
2449 4181 2870 4267 pertinentiis
2903 4206 2921 4264 ;

817 4290 850 4319 “
895 4305 1093 4371 super
1135 4283 1322 4370 cujus
1366 4283 1768 4370 possessione
1811 4282 2114 4369 praedicti
2143 4282 2373 4353 Abbas
2419 4289 2490 4353 et
2520 4282 2921 4367 ConventuS,

815 4395 849 4425 “
893 4408 1011 4473 per
1073 4385 1407 4472 quoddam
1470 4384 1787 4471 scriptum
1851 4406 2065 4465 suum,
2108 4385 2448 4453 recitando
2509 4385 2687 4471 quod
2752 4407 2923 4473 prae-

819 4496 850 4523 “
895 4488 1109 4558 fatum
1154 4493 1606 4555 tenementum
1652 4490 1921 4554 tenetur
1964 4486 2047 4553 de
2106 4486 2201 4553 eis
2260 4508 2377 4573 per
2419 4486 2809 4557 fidelitatem
2853 4493 2924 4554 et

814 4598 848 4626 “
894 4591 1239 4659 servitium
1302 4588 1799 4677 quatuordecim
1855 4588 2216 4656 solidorum
2280 4611 2397 4677 per
2455 4610 2725 4670 annum,
2771 4611 2922 4655 con-

817 4699 852 4726 “
898 4692 1259 4758 firmabunt
1305 4696 1549 4757 statum
1615 4696 1684 4757 et
1748 4691 2215 4778 possessionem
2261 4691 2556 4778 ejusdem
2604 4691 2919 4769 willelmi

816 4798 851 4829 “
900 4793 1085 4860 Flete
1132 4794 1202 4858 in
1248 4798 1628 4861 tenemento
1673 4793 1807 4873 illo,
1855 4793 2214 4861 tenendum
2259 4794 2389 4861 sibi
2434 4799 2503 4860 et
2551 4793 2922 4862 haeredibus
