<?xml version="1.0" encoding="UTF-8"?>
<!DOCTYPE html PUBLIC "-//W3C//DTD XHTML 1.0 Transitional//EN"
    "http://www.w3.org/TR/xhtml1/DTD/xhtml1-transitional.dtd">
<html xmlns="http://www.w3.org/1999/xhtml" xml:lang="en" lang="en">
 <head>
  <title>
</title>
<meta http-equiv="Content-Type" content="text/html;charset=utf-8" />
  <meta name='ocr-system' content='tesseract 3.04.00' />
  <meta name='ocr-capabilities' content='ocr_page ocr_carea ocr_par ocr_line ocrx_word'/>
</head>
<body>
  <div class='ocr_page' id='page_1' title='image "./annalesmonaster00unkngoog_0285.png"; bbox 0 0 3467 5717; ppageno 0'>
   <div class='ocr_carea' id='block_1_1' title="bbox 1358 904 2715 970">
    <p class='ocr_par' dir='ltr' id='par_1_1' title="bbox 1358 904 2715 970">
     <span class='ocr_line' id='line_1_1' title="bbox 1358 904 2715 970; baseline 0.005 -7"><span class='ocrx_word' id='word_1_1' title='bbox 1358 915 1605 965; x_wconf 70' lang='lat' dir='ltr'><strong>sANc&#39;n</strong></span> <span class='ocrx_word' id='word_1_2' title='bbox 1653 914 1926 964; x_wconf 59' lang='lat' dir='ltr'><strong>Ansam.</strong></span> <span class='ocrx_word' id='word_1_3' title='bbox 2586 904 2715 970; x_wconf 80' lang='lat'><strong>219</strong></span> 
     </span>
    </p>
   </div>
   <div class='ocr_carea' id='block_1_2' title="bbox 586 1100 3055 1190">
    <p class='ocr_par' dir='ltr' id='par_1_2' title="bbox 586 1100 3055 1190">
     <span class='ocr_line' id='line_1_2' title="bbox 586 1100 3055 1190; baseline -0.005 -21"><span class='ocrx_word' id='word_1_4' title='bbox 586 1106 622 1137; x_wconf 92' lang='lat'>“</span> <span class='ocrx_word' id='word_1_5' title='bbox 672 1101 998 1189; x_wconf 83' lang='lat' dir='ltr'><strong>Quodque</strong></span> <span class='ocrx_word' id='word_1_6' title='bbox 1043 1103 1188 1190; x_wconf 86' lang='lat' dir='ltr'><strong>ipse</strong></span> <span class='ocrx_word' id='word_1_7' title='bbox 1235 1102 1426 1167; x_wconf 88' lang='lat' dir='ltr'>Prior</span> <span class='ocrx_word' id='word_1_8' title='bbox 1470 1108 1663 1189; x_wconf 88' lang='lat' dir='ltr'><strong>coget</strong></span> <span class='ocrx_word' id='word_1_9' title='bbox 1707 1103 1872 1168; x_wconf 87' lang='lat' dir='ltr'><strong>alios</strong></span> <span class='ocrx_word' id='word_1_10' title='bbox 1924 1100 2211 1190; x_wconf 85' lang='lat' dir='ltr'><strong>singulis</strong></span> <span class='ocrx_word' id='word_1_11' title='bbox 2256 1101 2448 1167; x_wconf 84' lang='lat' dir='ltr'><strong>annis</strong></span> <span class='ocrx_word' id='word_1_12' title='bbox 2493 1123 2707 1190; x_wconf 76' lang='lat' dir='ltr'><strong>agere,</strong></span> <span class='ocrx_word' id='word_1_13' title='bbox 2742 1108 3055 1168; x_wconf 49' lang='lat' dir='ltr'><strong>manas.</strong></span> 
     </span>
    </p>
   </div>
   <div class='ocr_carea' id='block_1_3' title="bbox 587 1203 2713 1699">
    <p class='ocr_par' dir='ltr' id='par_1_3' title="bbox 587 1203 2713 1699">
     <span class='ocr_line' id='line_1_3' title="bbox 587 1203 2709 1293; baseline -0 -22"><span class='ocrx_word' id='word_1_14' title='bbox 587 1212 623 1241; x_wconf 91' lang='lat'><strong>“</strong></span> <span class='ocrx_word' id='word_1_15' title='bbox 669 1206 870 1271; x_wconf 85' lang='lat' dir='ltr'><strong>faciat</strong></span> <span class='ocrx_word' id='word_1_16' title='bbox 914 1206 1120 1271; x_wconf 86' lang='lat' dir='ltr'><strong>etiam</strong></span> <span class='ocrx_word' id='word_1_17' title='bbox 1166 1205 1308 1292; x_wconf 84' lang='lat' dir='ltr'><strong>ipse</strong></span> <span class='ocrx_word' id='word_1_18' title='bbox 1349 1206 1430 1271; x_wconf 87' lang='lat' dir='ltr'><strong>de</strong></span> <span class='ocrx_word' id='word_1_19' title='bbox 1474 1204 1768 1271; x_wconf 84' lang='lat' dir='ltr'><strong>triennio</strong></span> <span class='ocrx_word' id='word_1_20' title='bbox 1800 1205 1887 1270; x_wconf 88' lang='lat' dir='ltr'><strong>in.</strong></span> <span class='ocrx_word' id='word_1_21' title='bbox 1902 1203 2308 1286; x_wconf 80' lang='lat' dir='ltr'><strong>triennium3</strong></span> <span class='ocrx_word' id='word_1_22' title='bbox 2355 1205 2570 1293; x_wconf 87' lang='lat' dir='ltr'><strong>ipsum</strong></span> <span class='ocrx_word' id='word_1_23' title='bbox 2580 1227 2709 1291; x_wconf 91' lang='lat' dir='ltr'><strong>que</strong></span> 
     </span>
     <span class='ocr_line' id='line_1_4' title="bbox 588 1306 2709 1395; baseline -0 -22"><span class='ocrx_word' id='word_1_24' title='bbox 588 1316 618 1341; x_wconf 89' lang='lat'><strong>“</strong></span> <span class='ocrx_word' id='word_1_25' title='bbox 667 1313 1068 1395; x_wconf 87' lang='lat' dir='ltr'><strong>compotum,</strong></span> <span class='ocrx_word' id='word_1_26' title='bbox 1116 1329 1275 1373; x_wconf 82' lang='lat' dir='ltr'><strong>mox</strong></span> <span class='ocrx_word' id='word_1_27' title='bbox 1319 1313 1398 1373; x_wconf 93' lang='lat' dir='ltr'><strong>ut</strong></span> <span class='ocrx_word' id='word_1_28' title='bbox 1446 1312 1547 1372; x_wconf 85' lang='lat' dir='ltr'><strong>est</strong></span> <span class='ocrx_word' id='word_1_29' title='bbox 1591 1307 1861 1388; x_wconf 87' lang='lat' dir='ltr'><strong>factum,</strong></span> <span class='ocrx_word' id='word_1_30' title='bbox 1910 1307 1997 1372; x_wconf 87' lang='lat' dir='ltr'><strong>ad</strong></span> <span class='ocrx_word' id='word_1_31' title='bbox 2058 1306 2436 1394; x_wconf 84' lang='lat' dir='ltr'><strong>Supprioris</strong></span> <span class='ocrx_word' id='word_1_32' title='bbox 2494 1312 2709 1372; x_wconf 84' lang='lat' dir='ltr'><strong>trans-</strong></span> 
     </span>
     <span class='ocr_line' id='line_1_5' title="bbox 589 1409 2711 1499; baseline -0 -25"><span class='ocrx_word' id='word_1_33' title='bbox 589 1417 625 1444; x_wconf 93' lang='lat'><strong>“</strong></span> <span class='ocrx_word' id='word_1_34' title='bbox 672 1409 907 1475; x_wconf 87' lang='lat' dir='ltr'><strong>mittat</strong></span> <span class='ocrx_word' id='word_1_35' title='bbox 953 1410 1393 1497; x_wconf 66' lang='lat' dir='ltr'><strong>praesentiam,</strong></span> <span class='ocrx_word' id='word_1_36' title='bbox 1426 1412 1756 1499; x_wconf 88' lang='lat' dir='ltr'><strong>quatenus</strong></span> <span class='ocrx_word' id='word_1_37' title='bbox 1801 1414 1870 1474; x_wconf 87' lang='lat' dir='ltr'><strong>et</strong></span> <span class='ocrx_word' id='word_1_38' title='bbox 1915 1409 2057 1495; x_wconf 83' lang='lat' dir='ltr'><strong>ipse</strong></span> <span class='ocrx_word' id='word_1_39' title='bbox 2088 1409 2205 1494; x_wconf 90' lang='lat' dir='ltr'><strong>qui</strong></span> <span class='ocrx_word' id='word_1_40' title='bbox 2236 1430 2461 1474; x_wconf 87' lang='lat' dir='ltr'><strong>curam</strong></span> <span class='ocrx_word' id='word_1_41' title='bbox 2509 1409 2711 1475; x_wconf 87' lang='lat' dir='ltr'><strong>habet</strong></span> 
     </span>
     <span class='ocr_line' id='line_1_6' title="bbox 591 1510 2713 1598; baseline 0 -22"><span class='ocrx_word' id='word_1_42' title='bbox 591 1521 628 1547; x_wconf 90' lang='lat'><strong>“</strong></span> <span class='ocrx_word' id='word_1_43' title='bbox 675 1513 747 1576; x_wconf 89' lang='lat' dir='ltr'><strong>in</strong></span> <span class='ocrx_word' id='word_1_44' title='bbox 790 1511 975 1578; x_wconf 84' lang='lat' dir='ltr'><strong>fonte</strong></span> <span class='ocrx_word' id='word_1_45' title='bbox 1022 1512 1103 1578; x_wconf 89' lang='lat' dir='ltr'><strong>de</strong></span> <span class='ocrx_word' id='word_1_46' title='bbox 1146 1515 1328 1578; x_wconf 88' lang='lat' dir='ltr'><strong>statu</strong></span> <span class='ocrx_word' id='word_1_47' title='bbox 1358 1516 1427 1577; x_wconf 88' lang='lat' dir='ltr'><strong>et</strong></span> <span class='ocrx_word' id='word_1_48' title='bbox 1455 1510 1779 1598; x_wconf 85' lang='lat' dir='ltr'><strong>regimine</strong></span> <span class='ocrx_word' id='word_1_49' title='bbox 1814 1510 2064 1590; x_wconf 90' lang='lat' dir='ltr'><strong>domus,</strong></span> <span class='ocrx_word' id='word_1_50' title='bbox 2101 1510 2435 1576; x_wconf 87' lang='lat' dir='ltr'><strong>certiorari</strong></span> <span class='ocrx_word' id='word_1_51' title='bbox 2466 1511 2713 1598; x_wconf 85' lang='lat' dir='ltr'><strong>poterit</strong></span> 
     </span>
     <span class='ocr_line' id='line_1_7' title="bbox 597 1612 1086 1699; baseline 0.004 -21"><span class='ocrx_word' id='word_1_52' title='bbox 597 1621 631 1649; x_wconf 90' lang='lat'><strong>“</strong></span> <span class='ocrx_word' id='word_1_53' title='bbox 677 1612 1086 1699; x_wconf 88' lang='lat' dir='ltr'><strong>utrobique.&#39;’</strong></span> 
     </span>
    </p>
   </div>
   <div class='ocr_carea' id='block_1_4' title="bbox 1200 1883 2112 1951">
    <p class='ocr_par' dir='ltr' id='par_1_4' title="bbox 1200 1883 2112 1951">
     <span class='ocr_line' id='line_1_8' title="bbox 1200 1883 2112 1951; baseline 0 0"><span class='ocrx_word' id='word_1_54' title='bbox 1200 1884 1587 1951; x_wconf 70' lang='lat' dir='ltr'><strong>Dissolutio</strong></span> <span class='ocrx_word' id='word_1_55' title='bbox 1644 1883 2112 1951; x_wconf 65' lang='lat' dir='ltr'><strong>Vieitationis.</strong></span> 
     </span>
    </p>
   </div>
   <div class='ocr_carea' id='block_1_5' title="bbox 687 2042 3060 2144">
    <p class='ocr_par' dir='ltr' id='par_1_5' title="bbox 687 2042 3060 2144">
     <span class='ocr_line' id='line_1_9' title="bbox 687 2042 3060 2144; baseline 0.002 -21"><span class='ocrx_word' id='word_1_56' title='bbox 687 2042 912 2124; x_wconf 52' lang='lat' dir='ltr'><strong>Facta&#39;</strong></span> <span class='ocrx_word' id='word_1_57' title='bbox 936 2064 1164 2123; x_wconf 82' lang='lat' dir='ltr'><strong>autem</strong></span> <span class='ocrx_word' id='word_1_58' title='bbox 1208 2058 1448 2122; x_wconf 87' lang='lat' dir='ltr'><strong>harum</strong></span> <span class='ocrx_word' id='word_1_59' title='bbox 1493 2057 1519 2095; x_wconf 83' lang='lat'>¹</span> <span class='ocrx_word' id='word_1_60' title='bbox 1536 2055 1986 2144; x_wconf 78' lang='lat' dir='ltr'>publicatione</span> <span class='ocrx_word' id='word_1_61' title='bbox 2019 2056 2611 2138; x_wconf 83' lang='lat' dir='ltr'><strong>Constitutionum,</strong></span> <span class='ocrx_word' id='word_1_62' title='bbox 2644 2067 2715 2125; x_wconf 88' lang='lat' dir='ltr'><strong>et</strong></span> <span class='ocrx_word' id='word_1_63' title='bbox 2740 2074 2854 2127; x_wconf 75' lang='lat' dir='ltr'><strong>&#39;rho</strong></span> <span class='ocrx_word' id='word_1_64' title='bbox 2878 2076 3060 2130; x_wconf 79' lang='lat' dir='ltr'><strong>Abbot</strong></span> 
     </span>
    </p>
   </div>
   <div class='ocr_carea' id='block_1_6' title="bbox 596 2159 2714 2245">
    <p class='ocr_par' dir='ltr' id='par_1_6' title="bbox 596 2159 2714 2245">
     <span class='ocr_line' id='line_1_10' title="bbox 596 2159 2714 2245; baseline 0.002 -21"><span class='ocrx_word' id='word_1_65' title='bbox 596 2161 914 2226; x_wconf 85' lang='lat' dir='ltr'><strong>mandato</strong></span> <span class='ocrx_word' id='word_1_66' title='bbox 943 2160 1196 2225; x_wconf 85' lang='lat' dir='ltr'><strong>tradito</strong></span> <span class='ocrx_word' id='word_1_67' title='bbox 1227 2159 1309 2224; x_wconf 91' lang='lat' dir='ltr'><strong>de</strong></span> <span class='ocrx_word' id='word_1_68' title='bbox 1341 2159 1571 2225; x_wconf 87' lang='lat' dir='ltr'><strong>debita</strong></span> <span class='ocrx_word' id='word_1_69' title='bbox 1599 2159 1996 2245; x_wconf 83' lang='lat' dir='ltr'><strong>assiduaque</strong></span> <span class='ocrx_word' id='word_1_70' title='bbox 2025 2160 2451 2226; x_wconf 83' lang='lat' dir='ltr'><strong>observantia</strong></span> <span class='ocrx_word' id='word_1_71' title='bbox 2479 2183 2714 2228; x_wconf 87' lang='lat' dir='ltr'><strong>earun-</strong></span> 
     </span>
    </p>
   </div>
   <div class='ocr_carea' id='block_1_7' title="bbox 2739 2142 3039 2274">
    <p class='ocr_par' dir='ltr' id='par_1_7' title="bbox 2739 2142 3039 2274">
     <span class='ocr_line' id='line_1_11' title="bbox 2740 2142 3039 2193; baseline 0.003 -1"><span class='ocrx_word' id='word_1_72' title='bbox 2740 2142 2862 2193; x_wconf 75' lang='lat' dir='ltr'><strong>then</strong></span> <span class='ocrx_word' id='word_1_73' title='bbox 2883 2142 3039 2193; x_wconf 81' lang='lat' dir='ltr'><strong>form-</strong></span> 
     </span>
     <span class='ocr_line' id='line_1_12' title="bbox 2739 2208 2969 2274; baseline 0.013 -16"><span class='ocrx_word' id='word_1_74' title='bbox 2739 2208 2844 2274; x_wconf 78' lang='lat' dir='ltr'><strong>ally</strong></span> <span class='ocrx_word' id='word_1_75' title='bbox 2866 2209 2969 2260; x_wconf 82' lang='lat' dir='ltr'><strong>dis-</strong></span> 
     </span>
    </p>
   </div>
   <div class='ocr_carea' id='block_1_8' title="bbox 601 2260 3013 2348">
    <p class='ocr_par' dir='ltr' id='par_1_8' title="bbox 601 2260 3013 2348">
     <span class='ocr_line' id='line_1_13' title="bbox 601 2260 3013 2348; baseline 0 -22"><span class='ocrx_word' id='word_1_76' title='bbox 601 2263 768 2338; x_wconf 87' lang='lat' dir='ltr'><strong>dem,</strong></span> <span class='ocrx_word' id='word_1_77' title='bbox 821 2262 1136 2348; x_wconf 84' lang='lat' dir='ltr'><strong>processit</strong></span> <span class='ocrx_word' id='word_1_78' title='bbox 1180 2260 1409 2326; x_wconf 88' lang='lat' dir='ltr'><strong>Abbas</strong></span> <span class='ocrx_word' id='word_1_79' title='bbox 1468 2261 1750 2326; x_wconf 87' lang='lat' dir='ltr'><strong>ulterius</strong></span> <span class='ocrx_word' id='word_1_80' title='bbox 1794 2261 1880 2325; x_wconf 89' lang='lat' dir='ltr'><strong>ad</strong></span> <span class='ocrx_word' id='word_1_81' title='bbox 1924 2261 2418 2327; x_wconf 76' lang='lat' dir='ltr'>dissolutionem</span> <span class='ocrx_word' id='word_1_82' title='bbox 2464 2262 2714 2329; x_wconf 86' lang='lat' dir='ltr'><strong>Visita-</strong></span> <span class='ocrx_word' id='word_1_83' title='bbox 2737 2275 2902 2325; x_wconf 71' lang='lat' dir='ltr'><strong>solves</strong></span> <span class='ocrx_word' id='word_1_84' title='bbox 2925 2276 3013 2326; x_wconf 74' lang='lat' dir='ltr'><strong>the</strong></span> 
     </span>
    </p>
   </div>
   <div class='ocr_carea' id='block_1_9' title="bbox 600 2362 2595 2449">
    <p class='ocr_par' dir='ltr' id='par_1_9' title="bbox 600 2362 2595 2449">
     <span class='ocr_line' id='line_1_14' title="bbox 600 2362 2595 2449; baseline 0.002 -22"><span class='ocrx_word' id='word_1_85' title='bbox 600 2363 822 2442; x_wconf 87' lang='lat' dir='ltr'><strong>tionis,</strong></span> <span class='ocrx_word' id='word_1_86' title='bbox 868 2365 1238 2448; x_wconf 70' lang='lat' dir='ltr'><strong>fratresque</strong></span> <span class='ocrx_word' id='word_1_87' title='bbox 1297 2362 1595 2449; x_wconf 88' lang='lat' dir='ltr'><strong>singulos</strong></span> <span class='ocrx_word' id='word_1_88' title='bbox 1657 2362 2207 2428; x_wconf 74' lang='lat' dir='ltr'><strong>circumsedentes</strong></span> <span class='ocrx_word' id='word_1_89' title='bbox 2252 2364 2595 2446; x_wconf 85' lang='lat' dir='ltr'><strong>salutavit,</strong></span> 
     </span>
    </p>
   </div>
   <div class='ocr_carea' id='block_1_10' title="bbox 597 2463 2861 2655">
    <p class='ocr_par' dir='ltr' id='par_1_10' title="bbox 597 2463 2861 2655">
     <span class='ocr_line' id='line_1_15' title="bbox 597 2463 2861 2655; baseline 0.001 -23"><span class='ocrx_word' id='word_1_90' title='bbox 597 2465 728 2602; x_wconf 66' lang='lat' dir='ltr'>hu‘s‘</span> <span class='ocrx_word' id='word_1_91' title='bbox 772 2463 1010 2632; x_wconf 42' lang='lat' dir='ltr'><strong>{222¹ss-</strong></span> <span class='ocrx_word' id='word_1_92' title='bbox 1051 2567 1307 2647; x_wconf 73' lang='lat' dir='ltr'><strong>fratres,</strong></span> <span class='ocrx_word' id='word_1_93' title='bbox 1377 2559 1565 2632; x_wconf 72' lang='lat' dir='ltr'><strong>ecce!</strong></span> <span class='ocrx_word' id='word_1_94' title='bbox 1621 2567 1764 2652; x_wconf 86' lang='lat' dir='ltr'><strong>jam</strong></span> <span class='ocrx_word' id='word_1_95' title='bbox 1836 2567 2099 2632; x_wconf 86' lang='lat' dir='ltr'><strong>vidistis</strong></span> <span class='ocrx_word' id='word_1_96' title='bbox 2167 2573 2454 2654; x_wconf 76' lang='lat' dir='ltr'><strong>quantas</strong></span> <span class='ocrx_word' id='word_1_97' title='bbox 2514 2590 2712 2655; x_wconf 86' lang='lat' dir='ltr'><strong>super</strong></span> <span class='ocrx_word' id='word_1_98' title='bbox 2738 2538 2861 2590; x_wconf 50' lang='grc' dir='ltr'><strong>ἀπ’</strong></span> 
     </span>
    </p>
   </div>
   <div class='ocr_carea' id='block_1_11' title="bbox 600 2668 2799 4593">
    <p class='ocr_par' dir='ltr' id='par_1_11' title="bbox 600 2668 2723 3756">
     <span class='ocr_line' id='line_1_16' title="bbox 600 2668 2711 2755; baseline 0.001 -21"><span class='ocrx_word' id='word_1_99' title='bbox 600 2676 636 2704; x_wconf 88' lang='grc'>“</span> <span class='ocrx_word' id='word_1_100' title='bbox 684 2669 1036 2755; x_wconf 76' lang='lat' dir='ltr'><strong>compertis</strong></span> <span class='ocrx_word' id='word_1_101' title='bbox 1081 2672 1150 2733; x_wconf 88' lang='lat' dir='ltr'><strong>et</strong></span> <span class='ocrx_word' id='word_1_102' title='bbox 1193 2669 1475 2733; x_wconf 86' lang='lat' dir='ltr'><strong>detectis</strong></span> <span class='ocrx_word' id='word_1_103' title='bbox 1518 2670 1594 2732; x_wconf 90' lang='lat' dir='ltr'><strong>in</strong></span> <span class='ocrx_word' id='word_1_104' title='bbox 1638 2668 1761 2734; x_wconf 88' lang='lat' dir='ltr'><strong>hac</strong></span> <span class='ocrx_word' id='word_1_105' title='bbox 1789 2675 2019 2734; x_wconf 86' lang='lat' dir='ltr'><strong>nostra</strong></span> <span class='ocrx_word' id='word_1_106' title='bbox 2047 2669 2434 2736; x_wconf 85' lang='lat' dir='ltr'><strong>visitatione</strong></span> <span class='ocrx_word' id='word_1_107' title='bbox 2464 2691 2711 2737; x_wconf 88' lang='lat' dir='ltr'><strong>correc—</strong></span> 
     </span>
     <span class='ocr_line' id='line_1_17' title="bbox 605 2770 2715 2860; baseline 0.001 -25"><span class='ocrx_word' id='word_1_108' title='bbox 605 2778 642 2806; x_wconf 86' lang='lat'>“</span> <span class='ocrx_word' id='word_1_109' title='bbox 690 2772 905 2836; x_wconf 89' lang='lat' dir='ltr'><strong>tiones</strong></span> <span class='ocrx_word' id='word_1_110' title='bbox 948 2770 1264 2850; x_wconf 84' lang='lat' dir='ltr'><strong>fecimus3</strong></span> <span class='ocrx_word' id='word_1_111' title='bbox 1327 2770 1680 2836; x_wconf 73' lang='lat' dir='ltr'><strong>audivistis</strong></span> <span class='ocrx_word' id='word_1_112' title='bbox 1741 2772 1984 2856; x_wconf 85' lang='lat' dir='ltr'><strong>itaque,</strong></span> <span class='ocrx_word' id='word_1_113' title='bbox 2031 2771 2257 2857; x_wconf 87' lang='lat' dir='ltr'><strong>quales</strong></span> <span class='ocrx_word' id='word_1_114' title='bbox 2301 2772 2474 2860; x_wconf 84' lang='lat' dir='ltr'><strong>leges</strong></span> <span class='ocrx_word' id='word_1_115' title='bbox 2519 2795 2715 2860; x_wconf 87' lang='lat' dir='ltr'><strong>super</strong></span> 
     </span>
     <span class='ocr_line' id='line_1_18' title="bbox 605 2871 2713 2960; baseline 0 -21"><span class='ocrx_word' id='word_1_116' title='bbox 605 2881 642 2909; x_wconf 91' lang='lat'><strong>“</strong></span> <span class='ocrx_word' id='word_1_117' title='bbox 688 2871 1071 2939; x_wconf 84' lang='lat' dir='ltr'><strong>cohibendis</strong></span> <span class='ocrx_word' id='word_1_118' title='bbox 1113 2873 1312 2939; x_wconf 89' lang='lat' dir='ltr'><strong>certis</strong></span> <span class='ocrx_word' id='word_1_119' title='bbox 1357 2872 1747 2954; x_wconf 85' lang='lat' dir='ltr'><strong>excessibus,</strong></span> <span class='ocrx_word' id='word_1_120' title='bbox 1795 2877 1865 2938; x_wconf 87' lang='lat' dir='ltr'><strong>et</strong></span> <span class='ocrx_word' id='word_1_121' title='bbox 1909 2895 2028 2959; x_wconf 90' lang='lat' dir='ltr'><strong>pro</strong></span> <span class='ocrx_word' id='word_1_122' title='bbox 2073 2875 2389 2960; x_wconf 87' lang='lat' dir='ltr'><strong>sopienda</strong></span> <span class='ocrx_word' id='word_1_123' title='bbox 2433 2876 2713 2942; x_wconf 85' lang='lat' dir='ltr'><strong>materia</strong></span> 
     </span>
     <span class='ocr_line' id='line_1_19' title="bbox 606 2973 2721 3064; baseline 0 -24"><span class='ocrx_word' id='word_1_124' title='bbox 606 2983 642 3010; x_wconf 91' lang='lat'>“</span> <span class='ocrx_word' id='word_1_125' title='bbox 689 2974 1063 3053; x_wconf 76' lang='lat' dir='ltr'><strong>murmuriS,</strong></span> <span class='ocrx_word' id='word_1_126' title='bbox 1085 2974 1228 3061; x_wconf 89' lang='lat' dir='ltr'><strong>jam</strong></span> <span class='ocrx_word' id='word_1_127' title='bbox 1254 2973 1744 3062; x_wconf 77' lang='lat' dir='ltr'><strong>Capitulariter</strong></span> <span class='ocrx_word' id='word_1_128' title='bbox 1761 2973 2052 3039; x_wconf 83' lang='lat' dir='ltr'><strong>tulimus.</strong></span> <span class='ocrx_word' id='word_1_129' title='bbox 2104 2974 2479 3062; x_wconf 69' lang='lat' dir='ltr'><strong>⁵&#39;Rogamus</strong></span> <span class='ocrx_word' id='word_1_130' title='bbox 2509 2976 2721 3064; x_wconf 81' lang='lat' dir='ltr'><strong>igitur</strong></span> 
     </span>
     <span class='ocr_line' id='line_1_20' title="bbox 607 3076 2723 3166; baseline 0.001 -24"><span class='ocrx_word' id='word_1_131' title='bbox 607 3083 643 3112; x_wconf 92' lang='lat'><strong>“</strong></span> <span class='ocrx_word' id='word_1_132' title='bbox 687 3099 823 3156; x_wconf 77' lang='lat' dir='ltr'><strong>VOS,</strong></span> <span class='ocrx_word' id='word_1_133' title='bbox 870 3082 941 3142; x_wconf 90' lang='lat' dir='ltr'><strong>et</strong></span> <span class='ocrx_word' id='word_1_134' title='bbox 986 3076 1416 3158; x_wconf 90' lang='lat' dir='ltr'><strong>obsecramus,</strong></span> <span class='ocrx_word' id='word_1_135' title='bbox 1481 3098 1616 3141; x_wconf 87' lang='lat' dir='ltr'><strong>non</strong></span> <span class='ocrx_word' id='word_1_136' title='bbox 1679 3081 2002 3162; x_wconf 87' lang='lat' dir='ltr'><strong>tanquam</strong></span> <span class='ocrx_word' id='word_1_137' title='bbox 2063 3077 2352 3143; x_wconf 82' lang='lat' dir='ltr'><strong>advenas</strong></span> <span class='ocrx_word' id='word_1_138' title='bbox 2410 3084 2479 3144; x_wconf 88' lang='lat' dir='ltr'><strong>et</strong></span> <span class='ocrx_word' id='word_1_139' title='bbox 2539 3100 2723 3166; x_wconf 83' lang='lat' dir='ltr'><strong>pere—</strong></span> 
     </span>
     <span class='ocr_line' id='line_1_21' title="bbox 689 3177 2722 3266; baseline 0.001 -23"><span class='ocrx_word' id='word_1_140' title='bbox 689 3180 934 3266; x_wconf 80' lang='lat' dir='ltr'><strong>grinos„</strong></span> <span class='ocrx_word' id='word_1_141' title='bbox 993 3178 1109 3243; x_wconf 87' lang='lat' dir='ltr'><strong>sed</strong></span> <span class='ocrx_word' id='word_1_142' title='bbox 1167 3177 1383 3244; x_wconf 86' lang='lat' dir='ltr'><strong>veluti</strong></span> <span class='ocrx_word' id='word_1_143' title='bbox 1444 3179 1701 3259; x_wconf 85' lang='lat' dir='ltr'><strong>fratres,</strong></span> <span class='ocrx_word' id='word_1_144' title='bbox 1772 3178 2032 3257; x_wconf 75' lang='lat' dir='ltr'><strong>amicOS,</strong></span> <span class='ocrx_word' id='word_1_145' title='bbox 2096 3182 2166 3243; x_wconf 87' lang='lat' dir='ltr'><strong>et</strong></span> <span class='ocrx_word' id='word_1_146' title='bbox 2229 3181 2577 3260; x_wconf 90' lang='lat' dir='ltr'><strong>consocios,</strong></span> <span class='ocrx_word' id='word_1_147' title='bbox 2642 3185 2722 3245; x_wconf 88' lang='lat' dir='ltr'><strong>ut</strong></span> 
     </span>
     <span class='ocr_line' id='line_1_22' title="bbox 610 3279 2721 3367; baseline 0 -21"><span class='ocrx_word' id='word_1_148' title='bbox 610 3289 647 3318; x_wconf 90' lang='lat'><strong>“</strong></span> <span class='ocrx_word' id='word_1_149' title='bbox 693 3282 1086 3347; x_wconf 79' lang='lat' dir='ltr'><strong>abstineatis</strong></span> <span class='ocrx_word' id='word_1_150' title='bbox 1130 3302 1250 3346; x_wconf 83' lang='lat' dir='ltr'><strong>vos</strong></span> <span class='ocrx_word' id='word_1_151' title='bbox 1278 3303 1318 3346; x_wconf 91' lang='lat' dir='ltr'><strong>a</strong></span> <span class='ocrx_word' id='word_1_152' title='bbox 1350 3279 1632 3367; x_wconf 86' lang='lat' dir='ltr'><strong>singulis</strong></span> <span class='ocrx_word' id='word_1_153' title='bbox 1680 3280 2024 3345; x_wconf 85' lang='lat' dir='ltr'><strong>desideriis</strong></span> <span class='ocrx_word' id='word_1_154' title='bbox 2068 3303 2218 3366; x_wconf 83' lang='lat' dir='ltr'><strong>quae</strong></span> <span class='ocrx_word' id='word_1_155' title='bbox 2262 3281 2563 3347; x_wconf 87' lang='lat' dir='ltr'><strong>militant</strong></span> <span class='ocrx_word' id='word_1_156' title='bbox 2604 3282 2721 3347; x_wconf 87' lang='lat' dir='ltr'><strong>ad·</strong></span> 
     </span>
     <span class='ocr_line' id='line_1_23' title="bbox 612 3380 2722 3470; baseline 0 -22"><span class='ocrx_word' id='word_1_157' title='bbox 612 3391 646 3419; x_wconf 88' lang='lat'><strong>“</strong></span> <span class='ocrx_word' id='word_1_158' title='bbox 691 3404 923 3448; x_wconf 82' lang='lat' dir='ltr'><strong>versus</strong></span> <span class='ocrx_word' id='word_1_159' title='bbox 968 3383 1281 3461; x_wconf 87' lang='lat' dir='ltr'><strong>animam,</strong></span> <span class='ocrx_word' id='word_1_160' title='bbox 1316 3387 1385 3448; x_wconf 86' lang='lat' dir='ltr'><strong>et</strong></span> <span class='ocrx_word' id='word_1_161' title='bbox 1425 3382 1756 3470; x_wconf 86' lang='lat' dir='ltr'><strong>praecipue</strong></span> <span class='ocrx_word' id='word_1_162' title='bbox 1799 3382 1885 3447; x_wconf 92' lang='lat' dir='ltr'><strong>ab</strong></span> <span class='ocrx_word' id='word_1_163' title='bbox 1931 3380 2062 3447; x_wconf 87' lang='lat' dir='ltr'><strong>hiis</strong></span> <span class='ocrx_word' id='word_1_164' title='bbox 2107 3382 2417 3448; x_wconf 86' lang='lat' dir='ltr'><strong>omnibus</strong></span> <span class='ocrx_word' id='word_1_165' title='bbox 2461 3384 2534 3448; x_wconf 89' lang='lat' dir='ltr'><strong>in</strong></span> <span class='ocrx_word' id='word_1_166' title='bbox 2580 3384 2722 3470; x_wconf 89' lang='lat' dir='ltr'><strong>qui·-</strong></span> 
     </span>
     <span class='ocr_line' id='line_1_24' title="bbox 609 3482 2722 3572; baseline 0 -20"><span class='ocrx_word' id='word_1_167' title='bbox 609 3492 646 3520; x_wconf 90' lang='lat'><strong>“</strong></span> <span class='ocrx_word' id='word_1_168' title='bbox 693 3486 815 3552; x_wconf 89' lang='lat' dir='ltr'><strong>bus</strong></span> <span class='ocrx_word' id='word_1_169' title='bbox 862 3487 1242 3552; x_wconf 79' lang='lat' dir='ltr'><strong>detractant</strong></span> <span class='ocrx_word' id='word_1_170' title='bbox 1285 3482 1480 3550; x_wconf 86' lang='lat' dir='ltr'><strong>vobis</strong></span> <span class='ocrx_word' id='word_1_171' title='bbox 1522 3483 1844 3565; x_wconf 60' lang='lat' dir='ltr'><strong>homines„</strong></span> <span class='ocrx_word' id='word_1_172' title='bbox 1876 3490 2208 3569; x_wconf 88' lang='lat' dir='ltr'><strong>quatenus</strong></span> <span class='ocrx_word' id='word_1_173' title='bbox 2237 3485 2381 3572; x_wconf 90' lang='lat' dir='ltr'><strong>ipsi,</strong></span> <span class='ocrx_word' id='word_1_174' title='bbox 2415 3484 2498 3552; x_wconf 86' lang='lat' dir='ltr'><strong>de</strong></span> <span class='ocrx_word' id='word_1_175' title='bbox 2530 3485 2722 3552; x_wconf 87' lang='lat' dir='ltr'><strong>bonis</strong></span> 
     </span>
     <span class='ocr_line' id='line_1_25' title="bbox 607 3585 2721 3676; baseline 0 -22"><span class='ocrx_word' id='word_1_176' title='bbox 607 3596 643 3624; x_wconf 92' lang='lat'>“</span> <span class='ocrx_word' id='word_1_177' title='bbox 692 3587 1001 3676; x_wconf 84' lang='lat' dir='ltr'><strong>operibus</strong></span> <span class='ocrx_word' id='word_1_178' title='bbox 1045 3609 1166 3653; x_wconf 76' lang='lat' dir='ltr'><strong>vos</strong></span> <span class='ocrx_word' id='word_1_179' title='bbox 1212 3586 1721 3666; x_wconf 87' lang='lat' dir='ltr'><strong>considerantes,</strong></span> <span class='ocrx_word' id='word_1_180' title='bbox 1770 3585 1989 3657; x_wconf 83' lang='lat' dir='ltr'><strong>Deum</strong></span> <span class='ocrx_word' id='word_1_181' title='bbox 2049 3586 2420 3674; x_wconf 83' lang='lat' dir='ltr'><strong>glorificent</strong></span> <span class='ocrx_word' id='word_1_182' title='bbox 2479 3588 2553 3653; x_wconf 90' lang='lat' dir='ltr'><strong>in</strong></span> <span class='ocrx_word' id='word_1_183' title='bbox 2614 3589 2721 3654; x_wconf 88' lang='lat' dir='ltr'><strong>die</strong></span> 
     </span>
     <span class='ocr_line' id='line_1_26' title="bbox 607 3689 1118 3756; baseline -0.002 0"><span class='ocrx_word' id='word_1_184' title='bbox 607 3700 643 3727; x_wconf 92' lang='lat'><strong>“</strong></span> <span class='ocrx_word' id='word_1_185' title='bbox 691 3689 1118 3756; x_wconf 80' lang='lat' dir='ltr'><strong>visitationis,</strong></span> 
     </span>
    </p>

    <p class='ocr_par' dir='ltr' id='par_1_12' title="bbox 609 3788 2799 4593">
     <span class='ocr_line' id='line_1_27' title="bbox 703 3788 2718 3872; baseline 0.002 -16"><span class='ocrx_word' id='word_1_186' title='bbox 703 3800 737 3828; x_wconf 90' lang='lat'><strong>“</strong></span> <span class='ocrx_word' id='word_1_187' title='bbox 759 3788 787 3828; x_wconf 77' lang='lat'>³</span> <span class='ocrx_word' id='word_1_188' title='bbox 800 3792 1170 3857; x_wconf 80' lang='lat' dir='ltr'><strong>Hortamur</strong></span> <span class='ocrx_word' id='word_1_189' title='bbox 1188 3812 1308 3857; x_wconf 86' lang='lat' dir='ltr'><strong>vos</strong></span> <span class='ocrx_word' id='word_1_190' title='bbox 1325 3792 1544 3869; x_wconf 87' lang='lat' dir='ltr'><strong>etiam,</strong></span> <span class='ocrx_word' id='word_1_191' title='bbox 1565 3796 1773 3872; x_wconf 88' lang='lat' dir='ltr'><strong>ut,—‘</strong></span> <span class='ocrx_word' id='word_1_192' title='bbox 1790 3791 1814 3829; x_wconf 89' lang='lat'><strong>⁴</strong></span> <span class='ocrx_word' id='word_1_193' title='bbox 1825 3791 2410 3859; x_wconf 83' lang='lat' dir='ltr'><strong>Conversationem</strong></span> <span class='ocrx_word' id='word_1_194' title='bbox 2430 3799 2718 3860; x_wconf 78' lang='lat' dir='ltr'><strong>vestram</strong></span> 
     </span>
     <span class='ocr_line' id='line_1_28' title="bbox 609 3892 2720 3982; baseline 0 -23"><span class='ocrx_word' id='word_1_195' title='bbox 609 3904 644 3931; x_wconf 89' lang='lat'><strong>“</strong></span> <span class='ocrx_word' id='word_1_196' title='bbox 692 3902 708 3931; x_wconf 86' lang='lat'>‘</span> <span class='ocrx_word' id='word_1_197' title='bbox 740 3896 919 3960; x_wconf 89' lang='lat' dir='ltr'><strong>inter</strong></span> <span class='ocrx_word' id='word_1_198' title='bbox 960 3898 1196 3982; x_wconf 85' lang='lat' dir='ltr'><strong>gentes</strong></span> <span class='ocrx_word' id='word_1_199' title='bbox 1238 3893 1561 3959; x_wconf 85' lang='lat' dir='ltr'><strong>habentes</strong></span> <span class='ocrx_word' id='word_1_200' title='bbox 1590 3892 1853 3974; x_wconf 87' lang='lat' dir='ltr'><strong>bonam,</strong></span> <span class='ocrx_word' id='word_1_201' title='bbox 1885 3899 2206 3979; x_wconf 87' lang='lat' dir='ltr'><strong>tanquam</strong></span> <span class='ocrx_word' id='word_1_202' title='bbox 2239 3894 2454 3975; x_wconf 87' lang='lat' dir='ltr'><strong>liberi,</strong></span> <span class='ocrx_word' id='word_1_203' title='bbox 2486 3903 2556 3962; x_wconf 84' lang='lat' dir='ltr'><strong>et</strong></span> <span class='ocrx_word' id='word_1_204' title='bbox 2586 3918 2720 3961; x_wconf 92' lang='lat' dir='ltr'><strong>non</strong></span> 
     </span>
     <span class='ocr_line' id='line_1_29' title="bbox 615 3990 2721 4084; baseline -0 -22"><span class='ocrx_word' id='word_1_205' title='bbox 615 4006 650 4033; x_wconf 90' lang='lat'><strong>“</strong></span> <span class='ocrx_word' id='word_1_206' title='bbox 698 4005 715 4033; x_wconf 87' lang='lat'>‘</span> <span class='ocrx_word' id='word_1_207' title='bbox 745 3998 935 4084; x_wconf 87' lang='lat' dir='ltr'><strong>quasi</strong></span> <span class='ocrx_word' id='word_1_208' title='bbox 979 3996 1287 4061; x_wconf 84' lang='lat' dir='ltr'><strong>velamen</strong></span> <span class='ocrx_word' id='word_1_209' title='bbox 1335 3990 1655 4060; x_wconf 85' lang='lat' dir='ltr'><strong>habentes</strong></span> <span class='ocrx_word' id='word_1_210' title='bbox 1699 3995 1990 4075; x_wconf 83' lang='lat' dir='ltr'><strong>malitae,&#39;</strong></span> <span class='ocrx_word' id='word_1_211' title='bbox 2050 3995 2307 4060; x_wconf 85' lang='lat' dir='ltr'><strong>subditi</strong></span> <span class='ocrx_word' id='word_1_212' title='bbox 2350 3995 2498 4061; x_wconf 87' lang='lat' dir='ltr'><strong>sitis</strong></span> <span class='ocrx_word' id='word_1_213' title='bbox 2542 3997 2721 4062; x_wconf 90' lang='lat' dir='ltr'><strong>omni</strong></span> 
     </span>
     <span class='ocr_line' id='line_1_30' title="bbox 610 4094 2723 4185; baseline 0 -20"><span class='ocrx_word' id='word_1_214' title='bbox 610 4110 646 4136; x_wconf 91' lang='lat'><strong>“</strong></span> <span class='ocrx_word' id='word_1_215' title='bbox 693 4100 1001 4165; x_wconf 75' lang='lat' dir='ltr'><strong>humanae</strong></span> <span class='ocrx_word' id='word_1_216' title='bbox 1071 4100 1413 4177; x_wconf 83' lang='lat' dir='ltr'><strong>creaturae,</strong></span> <span class='ocrx_word' id='word_1_217' title='bbox 1477 4097 1621 4162; x_wconf 87' lang='lat' dir='ltr'><strong>sive</strong></span> <span class='ocrx_word' id='word_1_218' title='bbox 1697 4102 1923 4162; x_wconf 81' lang='lat' dir='ltr'><strong>vestro</strong></span> <span class='ocrx_word' id='word_1_219' title='bbox 1996 4094 2230 4175; x_wconf 89' lang='lat' dir='ltr'><strong>Priori,</strong></span> <span class='ocrx_word' id='word_1_220' title='bbox 2294 4098 2481 4182; x_wconf 85' lang='lat' dir='ltr'><strong>quasi</strong></span> <span class='ocrx_word' id='word_1_221' title='bbox 2554 4121 2723 4185; x_wconf 75' lang='lat' dir='ltr'><strong>prse-</strong></span> 
     </span>
     <span class='ocr_line' id='line_1_31' title="bbox 613 4196 2719 4286; baseline 0 -20"><span class='ocrx_word' id='word_1_222' title='bbox 613 4210 649 4237; x_wconf 88' lang='lat'>“</span> <span class='ocrx_word' id='word_1_223' title='bbox 696 4201 974 4280; x_wconf 90' lang='lat' dir='ltr'><strong>cellenti‚</strong></span> <span class='ocrx_word' id='word_1_224' title='bbox 1020 4201 1164 4265; x_wconf 85' lang='lat' dir='ltr'><strong>sive</strong></span> <span class='ocrx_word' id='word_1_225' title='bbox 1206 4198 1547 4286; x_wconf 84' lang='lat' dir='ltr'><strong>gardianis</strong></span> <span class='ocrx_word' id='word_1_226' title='bbox 1578 4196 1871 4276; x_wconf 85' lang='lat' dir='ltr'><strong>Ordinis,</strong></span> <span class='ocrx_word' id='word_1_227' title='bbox 1910 4203 2230 4284; x_wconf 84' lang='lat' dir='ltr'><strong>tanquam</strong></span> <span class='ocrx_word' id='word_1_228' title='bbox 2263 4199 2350 4264; x_wconf 89' lang='lat' dir='ltr'><strong>ab</strong></span> <span class='ocrx_word' id='word_1_229' title='bbox 2381 4220 2457 4265; x_wconf 93' lang='lat' dir='ltr'><strong>eo</strong></span> <span class='ocrx_word' id='word_1_230' title='bbox 2488 4201 2719 4267; x_wconf 89' lang='lat' dir='ltr'><strong>missis.</strong></span> 
     </span>
     <span class='ocr_line' id='line_1_32' title="bbox 610 4299 2799 4388; baseline -0 -19"><span class='ocrx_word' id='word_1_231' title='bbox 610 4312 644 4338; x_wconf 75' lang='lat'><strong>‘⁴</strong></span> <span class='ocrx_word' id='word_1_232' title='bbox 693 4303 803 4369; x_wconf 86' lang='lat' dir='ltr'><strong>Sic</strong></span> <span class='ocrx_word' id='word_1_233' title='bbox 846 4302 1024 4368; x_wconf 88' lang='lat' dir='ltr'><strong>enim</strong></span> <span class='ocrx_word' id='word_1_234' title='bbox 1054 4301 1390 4382; x_wconf 87' lang='lat' dir='ltr'><strong>facientes,</strong></span> <span class='ocrx_word' id='word_1_235' title='bbox 1430 4300 1879 4366; x_wconf 83' lang='lat' dir='ltr'><strong>obmutescere</strong></span> <span class='ocrx_word' id='word_1_236' title='bbox 1909 4299 2165 4366; x_wconf 86' lang='lat' dir='ltr'><strong>facietis</strong></span> <span class='ocrx_word' id='word_1_237' title='bbox 2194 4300 2720 4388; x_wconf 87' lang='lat' dir='ltr'><strong>imprudentium</strong></span> <span class='ocrx_word' id='word_1_238' title='bbox 2790 4302 2799 4310; x_wconf 80' lang='grc'><strong><em>’</em></strong></span> 
     </span>
     <span class='ocr_line' id='line_1_33' title="bbox 612 4402 2722 4492; baseline 0 -22"><span class='ocrx_word' id='word_1_239' title='bbox 612 4411 648 4440; x_wconf 85' lang='grc'><strong>“</strong></span> <span class='ocrx_word' id='word_1_240' title='bbox 695 4405 1037 4470; x_wconf 89' lang='lat' dir='ltr'><strong>hominum</strong></span> <span class='ocrx_word' id='word_1_241' title='bbox 1097 4404 1569 4492; x_wconf 86' lang='lat' dir='ltr'><strong>ignorantiam,</strong></span> <span class='ocrx_word' id='word_1_242' title='bbox 1619 4402 1967 4489; x_wconf 89' lang='lat' dir='ltr'><strong>Deumque</strong></span> <span class='ocrx_word' id='word_1_243' title='bbox 2028 4402 2372 4485; x_wconf 87' lang='lat' dir='ltr'><strong>timebitis,</strong></span> <span class='ocrx_word' id='word_1_244' title='bbox 2418 4404 2722 4471; x_wconf 80' lang='lat' dir='ltr'><strong>fraterni-</strong></span> 
     </span>
     <span class='ocr_line' id='line_1_34' title="bbox 611 4505 2719 4593; baseline 0 -20"><span class='ocrx_word' id='word_1_245' title='bbox 611 4514 652 4544; x_wconf 91' lang='lat'><strong><em>“</em></strong></span> <span class='ocrx_word' id='word_1_246' title='bbox 695 4511 906 4573; x_wconf 84' lang='lat' dir='ltr'><strong>tatem</strong></span> <span class='ocrx_word' id='word_1_247' title='bbox 967 4505 1297 4583; x_wconf 84' lang='lat' dir='ltr'><strong>amabitis,</strong></span> <span class='ocrx_word' id='word_1_248' title='bbox 1360 4527 1454 4583; x_wconf 88' lang='lat' dir='ltr'><strong>ac,</strong></span> <span class='ocrx_word' id='word_1_249' title='bbox 1528 4508 1677 4591; x_wconf 89' lang='lat' dir='ltr'><strong>post</strong></span> <span class='ocrx_word' id='word_1_250' title='bbox 1735 4505 1934 4590; x_wconf 87' lang='lat' dir='ltr'><strong>hujus</strong></span> <span class='ocrx_word' id='word_1_251' title='bbox 1987 4505 2151 4570; x_wconf 72' lang='lat' dir='ltr'><strong>vitae</strong></span> <span class='ocrx_word' id='word_1_252' title='bbox 2215 4505 2524 4583; x_wconf 84' lang='lat' dir='ltr'><strong>stadium,</strong></span> <span class='ocrx_word' id='word_1_253' title='bbox 2575 4529 2719 4593; x_wconf 86' lang='lat' dir='ltr'><strong>per-</strong></span> 
     </span>
    </p>
   </div>
   <div class='ocr_carea' id='block_1_12' title="bbox 2504 4657 2720 4665">
    <p class='ocr_par' dir='ltr' id='par_1_13' title="bbox 2504 4657 2720 4665">
     <span class='ocr_line' id='line_1_35' title="bbox 2504 4657 2720 4665; baseline 0 1052"><span class='ocrx_word' id='word_1_254' title='bbox 2504 4657 2720 4665; x_wconf 95' lang='lat' dir='ltr'><strong> </strong></span> 
     </span>
    </p>
   </div>
   <div class='ocr_carea' id='block_1_13' title="bbox 1187 4663 1448 4669">
    <p class='ocr_par' dir='ltr' id='par_1_14' title="bbox 1187 4663 1448 4669">
     <span class='ocr_line' id='line_1_36' title="bbox 1187 4663 1448 4669; baseline 0 0"><span class='ocrx_word' id='word_1_255' title='bbox 1187 4663 1448 4669; x_wconf 95' lang='lat' dir='ltr'><strong> </strong></span> 
     </span>
    </p>
   </div>
   <div class='ocr_carea' id='block_1_14' title="bbox 1513 4661 2063 4668">
    <p class='ocr_par' dir='ltr' id='par_1_15' title="bbox 1513 4661 2063 4668">
     <span class='ocr_line' id='line_1_37' title="bbox 1513 4661 2063 4668; baseline 0 0"><span class='ocrx_word' id='word_1_256' title='bbox 1513 4663 1620 4668; x_wconf 72' lang='lat'><strong>—.-</strong></span> <span class='ocrx_word' id='word_1_257' title='bbox 1854 4661 2063 4668; x_wconf 72' lang='lat'>——-—--</span> 
     </span>
    </p>
   </div>
   <div class='ocr_carea' id='block_1_15' title="bbox 1651 4662 1833 4669">
    <p class='ocr_par' dir='ltr' id='par_1_16' title="bbox 1651 4662 1833 4669">
     <span class='ocr_line' id='line_1_38' title="bbox 1651 4662 1833 4669; baseline 0 1048"><span class='ocrx_word' id='word_1_258' title='bbox 1651 4662 1833 4669; x_wconf 95' lang='lat' dir='ltr'><strong> </strong></span> 
     </span>
    </p>
   </div>
   <div class='ocr_carea' id='block_1_16' title="bbox 2066 4661 2285 4668">
    <p class='ocr_par' dir='ltr' id='par_1_17' title="bbox 2066 4661 2285 4668">
     <span class='ocr_line' id='line_1_39' title="bbox 2066 4661 2285 4668; baseline 0 1049"><span class='ocrx_word' id='word_1_259' title='bbox 2066 4661 2285 4668; x_wconf 95' lang='lat' dir='ltr'><strong> </strong></span> 
     </span>
    </p>
   </div>
   <div class='ocr_carea' id='block_1_17' title="bbox 2298 4661 2477 4668">
    <p class='ocr_par' dir='ltr' id='par_1_18' title="bbox 2298 4661 2477 4668">
     <span class='ocr_line' id='line_1_40' title="bbox 2298 4661 2477 4668; baseline -0.006 0"><span class='ocrx_word' id='word_1_260' title='bbox 2298 4661 2477 4668; x_wconf 41' lang='grc' dir='ltr'><strong>’,ω</strong></span> 
     </span>
    </p>
   </div>
   <div class='ocr_carea' id='block_1_18' title="bbox 680 4744 2328 4884">
    <p class='ocr_par' dir='ltr' id='par_1_19' title="bbox 680 4744 2328 4884">
     <span class='ocr_line' id='line_1_41' title="bbox 682 4744 2274 4813; baseline 0.003 -18"><span class='ocrx_word' id='word_1_261' title='bbox 682 4748 694 4781; x_wconf 90' lang='lat'>¹</span> <span class='ocrx_word' id='word_1_262' title='bbox 715 4748 1052 4813; x_wconf 74' lang='lat' dir='ltr'><strong>puplicalione</strong></span> <span class='ocrx_word' id='word_1_263' title='bbox 1074 4748 1127 4797; x_wconf 87' lang='lat' dir='ltr'><strong>in</strong></span> <span class='ocrx_word' id='word_1_264' title='bbox 1151 4746 1265 4798; x_wconf 82' lang='lat' dir='ltr'><strong>MS.</strong></span> <span class='ocrx_word' id='word_1_265' title='bbox 1776 4746 1798 4778; x_wconf 81' lang='lat'><strong>³</strong></span> <span class='ocrx_word' id='word_1_266' title='bbox 1826 4744 2065 4796; x_wconf 69' lang='lat' dir='ltr'><strong>ortamen-</strong></span> <span class='ocrx_word' id='word_1_267' title='bbox 2086 4745 2138 4796; x_wconf 85' lang='lat' dir='ltr'><strong>in</strong></span> <span class='ocrx_word' id='word_1_268' title='bbox 2162 4747 2274 4799; x_wconf 82' lang='lat' dir='ltr'><strong>MS.</strong></span> 
     </span>
     <span class='ocr_line' id='line_1_42' title="bbox 680 4823 2328 4884; baseline -0.001 -5"><span class='ocrx_word' id='word_1_269' title='bbox 680 4830 700 4859; x_wconf 75' lang='lat'><strong>‘⁶&#39;</strong></span> <span class='ocrx_word' id='word_1_270' title='bbox 721 4828 786 4879; x_wconf 86' lang='lat' dir='ltr'><strong>In</strong></span> <span class='ocrx_word' id='word_1_271' title='bbox 810 4825 1025 4879; x_wconf 77' lang='lat' dir='ltr'><strong>allusion</strong></span> <span class='ocrx_word' id='word_1_272' title='bbox 1051 4833 1102 4877; x_wconf 84' lang='lat' dir='ltr'><strong>to</strong></span> <span class='ocrx_word' id='word_1_273' title='bbox 1126 4826 1154 4876; x_wconf 95' lang='lat'>1</span> <span class='ocrx_word' id='word_1_274' title='bbox 1178 4823 1340 4883; x_wconf 79' lang='lat' dir='ltr'><strong>Peter,</strong></span> <span class='ocrx_word' id='word_1_275' title='bbox 1366 4824 1415 4874; x_wconf 84' lang='lat' dir='ltr'><strong>ii.</strong></span> <span class='ocrx_word' id='word_1_276' title='bbox 1447 4830 1520 4875; x_wconf 88' lang='lat'><strong>11.</strong></span> <span class='ocrx_word' id='word_1_277' title='bbox 1778 4823 1797 4857; x_wconf 80' lang='lat'><strong><em>⁴</em></strong></span> <span class='ocrx_word' id='word_1_278' title='bbox 1822 4824 1848 4875; x_wconf 90' lang='lat'>1</span> <span class='ocrx_word' id='word_1_279' title='bbox 1872 4823 2037 4883; x_wconf 78' lang='lat' dir='ltr'><strong>Peter,</strong></span> <span class='ocrx_word' id='word_1_280' title='bbox 2062 4824 2114 4877; x_wconf 88' lang='lat' dir='ltr'><strong>ii.</strong></span> <span class='ocrx_word' id='word_1_281' title='bbox 2146 4832 2221 4884; x_wconf 76' lang='lat'><strong>12.</strong></span> <span class='ocrx_word' id='word_1_282' title='bbox 2252 4832 2328 4878; x_wconf 84' lang='lat'><strong>16.</strong></span> 
     </span>
    </p>
   </div>
   <div class='ocr_carea' id='block_1_19' title="bbox 2644 2340 3055 2527">
    <p class='ocr_par' dir='ltr' id='par_1_20' title="bbox 2644 2340 3055 2527">
     <span class='ocr_line' id='line_1_43' title="bbox 2646 2340 3026 2399; baseline 0.003 -9"><span class='ocrx_word' id='word_1_283' title='bbox 2646 2367 2661 2380; x_wconf 92' lang='lat'><strong>·</strong></span> <span class='ocrx_word' id='word_1_284' title='bbox 2737 2340 3026 2399; x_wconf 75' lang='lat' dir='ltr'><strong>Visitation.</strong></span> 
     </span>
     <span class='ocr_line' id='line_1_44' title="bbox 2644 2388 3041 2459; baseline 0.003 -1"><span class='ocrx_word' id='word_1_285' title='bbox 2644 2388 2708 2431; x_wconf 75' lang='lat' dir='ltr'>m</span> <span class='ocrx_word' id='word_1_286' title='bbox 2737 2406 2858 2458; x_wconf 68' lang='lat' dir='ltr'><strong>with</strong></span> <span class='ocrx_word' id='word_1_287' title='bbox 2875 2410 3041 2459; x_wconf 79' lang='lat' dir='ltr'><strong>words</strong></span> 
     </span>
     <span class='ocr_line' id='line_1_45' title="bbox 2737 2472 3055 2527; baseline 0.019 -5"><span class='ocrx_word' id='word_1_288' title='bbox 2737 2472 2798 2523; x_wconf 78' lang='lat' dir='ltr'><strong>of</strong></span> <span class='ocrx_word' id='word_1_289' title='bbox 2814 2474 3055 2527; x_wconf 75' lang='lat' dir='ltr'><strong>exhorta-</strong></span> 
     </span>
    </p>
   </div>
  </div>
 </body>
</html>
