3467 5717
777 831 863 895 92
1442 844 1760 895 ANNALES
1805 846 2228 897 Momsrmm

436 1046 746 1103 A.1>.l421,2.
775 1041 811 1067 “

774 1142 808 1169 (ὅ

774 1244 807 1270 ‘C

772 1346 807 1372 ‘G

854 1033 1117 1098 molesti
1165 1053 1406 1109 sumus
1459 1032 1618 1118 quia
1664 1054 1784 1098 nos
1832 1034 1902 1098 in
1953 1039 2183 1100 nostra
2237 1031 2698 1110 sollicitudine,
2745 1028 2880 1095 illis

854 1133 1101 1199 similes
1132 1132 1247 1220 qui
1277 1154 1493 1198 aerem
1524 1134 1898 1212 verberant,
1929 1140 2000 1201 et
2028 1136 2262 1200 lavant
2291 1136 2584 1213 laterem,
2616 1153 2878 1199 omnem

852 1240 1145 1301 nostram
1177 1235 1593 1322 deperdimus
1641 1257 1905 1322 operam
1952 1259 2151 1322 quam
2199 1238 2623 1325 apposuimus
2669 1236 2744 1301 in
2773 1235 2876 1298 lu-

852 1338 1096 1403 cranda
1130 1337 1355 1403 anima
1385 1337 1595 1402 nostri
1627 1337 1864 1404 fratris.
1960 1339 2101 1405 Sub
2146 1339 2601 1426 hujuscemodi
2643 1336 2874 1423 utique

772 1449 804 1473 “
851 1440 1106 1505 ratione
1165 1439 1434 1516 confusi,
1495 1439 1846 1525 doloreque
1906 1440 2182 1518 molesti,
2248 1442 2375 1507 etsi
2434 1441 2523 1506 ad
2587 1458 2873 1527 praeseus

850 1564 1058 1628 pauca
1107 1540 1464 1606 sufficimus
1511 1542 1811 1620 scribere,
1841 1564 1925 1607 ne
1973 1547 2198 1608 tamen
2248 1543 2515 1608 omnino
2560 1542 2633 1607 in
2663 1538 2873 1607 tantis

852 1649 1176 1709 taceamus
1237 1643 1777 1730 transgressibus
1825 1667 2035 1710 unum
2081 1646 2258 1711 inter
2314 1646 2448 1710 alia
2497 1644 2624 1710 tibi
2676 1640 2872 1708 duxi-

848 1768 995 1811 mus
1053 1746 1474 1824 innotescere,
1528 1746 1856 1831 quomodo
1901 1746 2082 1812 inter
2129 1746 2152 1785 ¹
2172 1747 2474 1812 alumnos
2533 1767 2696 1832 quos
2743 1765 2868 1809 nu-

768 1857 801 1882 “
846 1848 1155 1912 trivimus
1216 1853 1292 1912 tu
1352 1853 1713 1913 retrorsum
1772 1848 2083 1935 gradiens
2131 1848 2474 1914 universos
2525 1867 2868 1935 supergra-

847 1950 1034 2027 deris,
1065 1949 1244 2014 inter
1304 1949 1634 2035 foetusque
1689 1971 1854 2035 quos
1898 1950 2358 2037 generavimus
2410 1949 2868 2037 turpissimum

785 2062 799 2087 ‘
846 2056 1216 2117 monstrum
1266 2050 1553 2128 exhibea
1587 2073 1662 2117 ac
1703 2051 1940 2117 merito
1990 2052 2223 2118 diceris
2275 2052 2452 2117 filius
2505 2051 2863 2117 abortivus.

849 2154 922 2220 Si
951 2176 994 2218 a
1023 2152 1210 2218 nobis
1239 2153 1496 2218 cunctis
1525 2158 1756 2218 notam
1809 2176 1886 2218 ac
1937 2154 2267 2220 notoriam
2323 2154 2553 2220 multis
2602 2174 2862 2219 causam

764 2265 797 2291 “
844 2255 1102 2342 quaeris,
1160 2255 1381 2342 palam
1426 2255 1553 2320 tibi
1604 2254 1851 2341 absque
1906 2257 2260 2343 proverbio
2308 2256 2864 2344 significamus--

843 2358 1014 2438 Quia
1066 2364 1142 2422 tu
1197 2356 1338 2422 sine
1394 2378 1589 2422 causa
1637 2364 1708 2422 et
1760 2357 2008 2444 absque
2059 2358 2359 2436 materia,
2408 2380 2546 2424 non
2598 2360 2861 2423 attento

758 2469 791 2494 “
839 2461 1016 2546 quod
1077 2465 1144 2524 te
1205 2459 1568 2525 creavimus
1620 2460 1701 2524 de
1751 2460 1979 2537 nihilo,
2032 2482 2170 2526 non
2223 2460 2501 2525 adverso
2562 2458 2741 2545 quod
2794 2462 2860 2522 te

758 2572 789 2596 “
837 2562 1160 2649 pavimus
1210 2562 1733 2648 potavimusque,
1788 2585 1933 2627 cum
1989 2562 2275 2627 medulla
2341 2561 2549 2626 tritici
2595 2566 2664 2627 et
2711 2581 2859 2625 san-

759 2672 790 2698 “
834 2664 1035 2750 guine
1095 2685 1247 2729 uvae
1307 2664 1767 2741 meracissime,
1828 2668 2073 2729 nostrae
2146 2662 2545 2729 obedientiae
2618 2661 2857 2748 jugum

757 2773 789 2800 ‘C

835 2764 1166 2852 projecisti
1218 2768 1594 2843 retrorsum,
1625 2765 2022 2852 domumque
2075 2765 2502 2851 dereliquisti,
2535 2785 2611 2829 ac
2652 2763 2859 2829 domi-

741 2876 790 2939 .“
835 2889 1008 2943 nam,
1063 2889 1213 2953 quse
1275 2872 1342 2933 te
1402 2867 1750 2932 constituit
1807 2890 2005 2955 super
2064 2867 2391 2933 excelsam
2454 2871 2719 2942 terram,
2781 2869 2859 2930 ut

752 2980 786 3006 C(

836 2969 1107 3056 pinguia
1134 2991 1376 3055 pascua
1396 2969 1783 3046 comederes
1805 2969 2187 3055 fructusque
2214 2990 2541 3055 agrorum.
2591 2967 2855 3048 Verum,

833 3071 948 3148 fili,
1008 3070 1065 3136 si
1126 3072 1199 3135 in
1257 3071 1519 3159 speculo
1589 3070 1872 3138 internae
1948 3068 2494 3137 considerationis
2572 3069 2856 3156 teipsum

834 3172 959 3239 tibi
1013 3172 1343 3260 objectum
1391 3177 1732 3252 statueres
1779 3174 2044 3240 animad
2056 3178 2468 3259 verteresque
2518 3171 2756 3249 debite,
2787 3178 2857 3237 et

753 3287 767 3312 ‘
832 3277 1080 3363 absque
1131 3276 1465 3342 radiorum
1517 3276 1924 3354 refractione,
1978 3299 2020 3342 a
2070 3282 2274 3362 quoto
2323 3275 2633 3362 qualique
2679 3274 2855 3339 bono

753 3390 768 3415 ‘
831 3380 905 3444 in
966 3379 1090 3444 hoc
1144 3378 1318 3445 facto
1364 3378 1702 3457 cecideras,
1733 3378 2230 3464 cujusmodique
2277 3376 2533 3464 frugem
2589 3382 2855 3463 propter

752 3497 783 3522 “
831 3485 1191 3550 frutectum
1252 3481 1610 3559 dimiseras
1656 3481 1876 3569 palam
1936 3486 2007 3547 et
2068 3502 2185 3567 per
2232 3499 2608 3567 expressam
2657 3477 2853 3544 intel-

772 3598 785 3622 ‘
830 3586 1065 3672 ligeres
1123 3583 1422 3670 speciem,
1476 3583 1806 3669 quomodo
1859 3588 1929 3649 et
1998 3583 2070 3647 in
2137 3587 2389 3668 quanto
2449 3586 2706 3669 patrem
2767 3580 2853 3644 ad

751 3701 785 3725 “
829 3689 1014 3765 iram,
1075 3691 1352 3752 matrem
1399 3686 1485 3750 ad
1536 3685 1915 3770 lacrymam,
1962 3684 2308 3772 Deumque
2358 3706 2434 3750 ac
2488 3682 2849 3750 Dominum

748 3802 785 3828 “
832 3814 964 3857 non
1006 3788 1225 3854 minus
1262 3787 1704 3854 irreverenter
1748 3809 1948 3874 quam
1993 3787 2418 3875 impudenter
2462 3784 2552 3850 ad
2592 3785 2849 3850 iracun-

764 3905 781 3930 ‘
828 3894 1023 3970 diam,
1068 3889 1460 3957 concitabas.

834 4004 873 4033 ‘⁴
907 3995 965 4061 Ο
1020 3995 1246 4081 igitur,
1280 3994 1395 4071 fili,
1440 3993 1498 4059 Ο
1550 3992 1808 4059 utinam
1862 4014 2122 4079 saperes
2169 4013 2370 4077 quam
2423 3964 2850 4056 irreverentis

747 4115 782 4140 ‘⁴
828 4101 1321 4187 ²infirmatique
1390 4100 1481 4166 sit
1551 4098 1779 4176 animi,
1833 4098 2010 4185 patri
2070 4118 2188 4183 pro
2249 4118 2416 4183 pane
2480 4095 2846 4161 retribuere

743 4216 779 4243 (ί

744 4318 778 4347 ‘6

825 4207 851 4246 ³
874 4205 1193 4292 lapidem,
1228 4203 1427 4268 matri
1476 4225 1592 4289 pro
1632 4202 1808 4288 pisce
1854 4200 2012 4265 dare
2061 4198 2373 4285 aspidem,
2424 4198 2699 4284 Deoque
2771 4220 2847 4262 ac

825 4309 1111 4374 Domino
1170 4328 1288 4393 pro
1338 4328 1461 4370 ovo
1521 4304 1854 4391 porrigere
1920 4301 2341 4389 scorpionem.
2465 4300 2524 4365 O
2587 4298 2844 4365 utinam

804 4649 819 4685 ¹
843 4649 1092 4717 alumpnos
1115 4645 1165 4698 in
1190 4647 1301 4699 MS.
1891 4634 1913 4668 ³
1935 4635 1998 4687 In
2036 4634 2249 4688 allusion
2284 4641 2337 4688 to
2375 4631 2621 4687 Martinam
2643 4634 2726 4686 vii.
2755 4639 2783 4685 9
2813 4656 2827 4695 ³

802 4731 823 4766 2
847 4731 1155 4796 infimisque
1177 4728 1229 4779 in
1252 4724 1363 4780 MS.
1838 4714 1977 4767 Lake
1999 4715 2068 4767 xi.
2099 4721 2173 4767 ιι.
