3467 5717
784 830 916 896 284
1431 843 1752 897 mass
1793 844 2213 900 nonas-man

446 1057 545 1096 an.
562 1054 677 1104 1420,
691 1053 757 1099 ω.
785 1042 824 1070 “
866 1058 1041 1101 anno
1100 1036 1173 1102 in
1223 1036 1333 1102 die
1382 1037 1858 1104 Anniversario
1917 1040 2146 1122 nostri,
2201 1040 2249 1107 J
2252 1041 2533 1108 ohannis
2592 1041 2882 1109 Abbatis

784 1144 821 1173 “
864 1139 1183 1225 praedicti,
1233 1145 1475 1226 praeter
1521 1140 1669 1206 illos
1714 1140 2159 1233 quadraginta
2218 1143 2537 1223 denarios,
2582 1167 2746 1231 quos
2810 1145 2883 1211 in

784 1247 820 1277 “
869 1240 1065 1306 Festo
1111 1241 1480 1308 Dominicae
1542 1243 2066 1309 Resurrectionis
2133 1250 2203 1311 et
2260 1245 2492 1313 Sancti
2545 1246 2883 1313 Michaelis

787 1349 825 1380 “
870 1342 1269 1430 Archangeli
1330 1367 1448 1430 per
1495 1345 1782 1431 aequales
1834 1347 2270 1413 concessimus
2322 1349 2658 1435 portiones
2705 1349 2883 1415 inter

785 1450 820 1479 “
864 1445 1243 1511 claustrales
1308 1444 1332 1483 ¹
1351 1447 1767 1533 presbyteros
1833 1448 2073 1515 debere
2148 1448 2479 1532 distribui,
2546 1451 2882 1516 donentur

783 1553 813 1581 “
863 1546 1144 1613 ulterius
1190 1570 1306 1633 per
1357 1548 1639 1614 eundem
1696 1550 2091 1635 Magistrum
2137 1551 2381 1618 eisdem
2427 1550 2453 1591 ¹
2477 1552 2879 1639 presbyteris

781 1656 817 1685 “
861 1649 1113 1715 denarii
1167 1651 1467 1731 totidem,
1519 1651 1606 1715 ad
1664 1651 1871 1717 finem
1932 1657 2011 1719 ut
2059 1654 2132 1718 in
2179 1655 2316 1720 suis
2370 1655 2671 1740 precibus
2730 1678 2879 1721 nos-

779 1758 817 1788 “
861 1757 1036 1817 tram
1113 1752 1405 1818 habeant
1485 1754 1776 1818 animam
1855 1756 2197 1841 specialius
2261 1758 2875 1826 recommendatam.

780 1859 814 1887 ‘⁴
861 1853 1080 1920 Detur
1125 1854 1344 1935 etiam,
1386 1855 1592 1940 juxt-a
1643 1856 2037 1941 qualitatem
2089 1858 2271 1923 illius
2301 1859 2452 1939 diei,
2485 1862 2877 1927 couveniens

779 1962 813 1992 ‘⁴
860 1962 998 2022 tam
1053 1957 1127 2021 in
1181 1957 1341 2023 vino
1397 1980 1595 2044 quam
1648 1959 1719 2023 in
1769 1958 1916 2024 cibo
1959 1960 2253 2047 pitancia
2299 1961 2696 2043 Conventui,
2745 1964 2876 2028 dis-

781 2068 813 2093 “
862 2059 1324 2146 tribuaturque
1370 2060 1648 2147 singulis
1707 2062 2126 2148 pauperibus
2174 2085 2294 2149 pro
2353 2068 2516 2130 tunc
2575 2066 2877 2131 accedere

779 2167 815 2196 “
863 2162 1256 2243 volentibu8‚
1290 2163 1598 2228 denarius
1644 2185 1816 2229 unus
1846 2163 1919 2229 in
1949 2161 2495 2250 ²eleemosynam‚
2528 2190 2604 2233 ac
2648 2168 2876 2234 unicus

779 2271 813 2299 “
865 2264 1062 2350 panis
1111 2266 1190 2330 de
1237 2265 1573 2330 frumento
1615 2287 1782 2352 puro
1831 2266 2110 2332 ulterius
2150 2267 2224 2333 in
2255 2269 2524 2336 victum.
2614 2270 2880 2337 Dentur

780 2375 815 2402 “
862 2368 1131 2454 insuper
1176 2368 1318 2454 ipso
1363 2368 1490 2449 die,
1538 2389 1614 2433 ac
1661 2367 2027 2450 solvantur,
2075 2370 2476 2437 monialibus
2522 2372 2606 2438 de
2635 2372 2881 2460 Soppc·

778 2477 815 2505 “
863 2470 1067 2550 welle,
1115 2471 1557 2559 quadraginta
1598 2477 1734 2539 tres
1780 2472 1975 2539 solidi
2021 2479 2094 2539 et
2153 2478 2441 2559 quatuor
2484 2475 2754 2553 denarii,
2803 2476 2874 2540 in

778 2578 812 2607 ‘⁴
863 2573 1123 2660 plenam
1168 2574 1561 2640 solutionem
1606 2575 1784 2641 illius
1827 2576 2158 2664 pensionis
2201 2599 2460 2658 annuae,
2493 2598 2688 2664 quam
2736 2600 2873 2642 non

778 2680 814 2709 “
860 2675 1079 2739 minus
1123 2698 1242 2762 pro
1285 2678 1530 2742 nostris
1575 2678 1817 2743 annuis
1863 2678 2163 2764 exequiis
2207 2678 2628 2757 celebrandis,
2673 2699 2870 2763 quam

778 2784 814 2812 “
859 2798 978 2864 pro
1024 2778 1308 2863 quadam
1353 2800 1612 2845 summa
1655 2781 1969 2867 pecuniae,
1999 2803 2119 2868 per
2161 2780 2487 2846 illustrem
2517 2779 2868 2861 dominam,

778 2886 814 2914 “
861 2879 1216 2945 Dominam
1281 2881 1627 2947 Ducissam
1698 2882 2096 2963 Clarensem,
2142 2882 2330 2948 nobis
2389 2883 2718 2970 impensae,
2767 2883 2869 2948 illi

778 2989 812 3016 ‘⁴
860 2982 1001 3047 loco
1047 2984 1492 3066 concessimus,
1541 2984 1884 3070 nostrique
1928 2984 2133 3072 sigilli
2179 2984 2708 3050 confirmavimus
2766 3006 2870 3050 ro-

775 3091 811 3120 “
855 3085 1216 3154 horatione.

865 3197 899 3223 “
934 3189 1337 3255 ordinamus
1381 3190 1595 3256 adhuc
1639 3189 1920 3257 ulterius
1949 3197 2156 3271 sexto,
2188 3213 2266 3256 ac
2295 3190 2638 3277 plusquam
2673 3191 2874 3256 sexti-

774 3297 811 3325 “
860 3291 1119 3378 pliciter
1175 3292 1603 3381 injungimuS,
1647 3293 1772 3358 sub
1834 3292 2321 3359 districtissimo
2383 3293 2576 3358 modo
2631 3300 2873 3373 nostro,

772 3400 811 3430 “
855 3399 935 3459 ut
976 3396 1510 3482 quotiescunque,
1540 3401 1661 3460 aut
1691 3417 1810 3482 per
1853 3396 2254 3461 contrariam
2284 3396 2462 3461 orbis
2494 3395 2721 3472 aleam,
2754 3399 2872 3460 aut

772 3505 812 3534 “
856 3519 972 3583 per
1015 3498 1359 3563 remissum
1405 3498 1911 3585 praepositorum
1953 3499 2264 3584 regimen,
2312 3497 2686 3585 contigerit,
2732 3497 2872 3563 sive

773 3604 809 3632 “
856 3605 1049 3663 extra
1093 3599 1163 3663 in
1212 3599 1432 3679 Cellis,
1479 3600 1623 3666 sive
1667 3600 1845 3664 infra
1890 3601 1961 3664 in
2005 3598 2254 3681 officiis,
2284 3600 2605 3665 bonorum
2653 3598 2872 3664 reddi-

775 3705 810 3733 “
858 3704 968 3764 tus
1013 3700 1085 3763 in
1131 3705 1355 3765 tantos
1409 3702 1678 3767 decasus
1725 3701 2014 3783 tendere,
2063 3702 2263 3788 quod,
2309 3707 2591 3788 urgente
2648 3722 2868 3766 rerum

772 3808 805 3834 “
851 3801 1140 3886 penuria,
1171 3806 1493 3888 cogentur
1527 3803 1631 3868 vel
1677 3803 1937 3868 Priores
1969 3802 2301 3869 Cellarum
2345 3825 2537 3869 curas
2578 3803 2865 3868 locorum

773 3909 810 3938 “
852 3902 1238 3989 relinquere,
1304 3904 1412 3969 vel
1486 3902 1512 3941 ⁸
1533 3903 1858 3970 scholares
1918 3904 2218 3971 recedere
2278 3927 2320 3969 a
2380 3902 2407 3943 ³
2421 3904 2679 3986 scholis,
2748 3910 2868 3970 aut

771 4012 802 4039 “
848 4004 1104 4080 fratres,
1150 4005 1554 4072 abbreviatis
1600 4007 1871 4088 solatiis,
1918 4006 1992 4071 in
2057 4007 2345 4073 claustro
2404 4028 2554 4073 cum
2599 4006 2867 4072 fastidio

772 4116 807 4146 “
854 4108 1133 4195 pectoris
1192 4108 1491 4190 residere,
1536 4109 1786 4174 totiens
1829 4114 1900 4174 et
1943 4109 2017 4173 in
2063 4108 2368 4173 omnibus
2429 4107 2560 4172 hiis
2610 4109 2868 4174 casibus

767 4217 804 4245 ‘⁸
849 4210 1173 4276 habeatur
1216 4231 1514 4276 recursus
1569 4210 1658 4275 ad
1714 4210 2020 4275 custodes
2065 4210 2247 4275 cistae
2289 4209 2317 4248 ⁴¹
2333 4210 2715 4291 communis,
2763 4231 2867 4275 ca-

773 4319 808 4347 “
853 4313 1222 4398 piaturque,
1268 4312 1342 4376 in
1401 4311 1614 4377 forma
1676 4333 1810 4397 qua
1856 4311 2020 4376 alibi
2085 4312 2348 4391 dicitur,
2411 4316 2737 4397 quantum
2799 4318 2869 4377 et

768 4421 810 4451 “
858 4414 1115 4480 Priores
1157 4414 1231 4479 in
1278 4412 1497 4494 Gellis,
1531 4419 1601 4481 et
1643 4412 2015 4480 ³scholares
2059 4413 2133 4479 in
2164 4411 2463 4494 ³scholis,
2497 4434 2752 4479 necnon
2797 4417 2868 4478 et

836 4691 852 4723 ¹
870 4688 1166 4755 presbiteros
1199 4726 1213 4739 .
1248 4726 1263 4740 .
1283 4686 1636 4754 presbiteris-in
1658 4684 1773 4739 MS.
1932 4684 1955 4719 ³
1976 4682 2189 4736 scolam
2219 4720 2234 4735 .
2270 4721 2284 4736 .
2320 4721 2334 4735 .
2369 4721 2383 4735 .
2417 4683 2561 4736 scolis
2583 4684 2636 4734 in
2658 4683 2773 4735 MS.

838 4768 862 4802 ²
879 4766 1177 4819 elemosinam
1200 4767 1253 4818 in
1278 4768 1390 4819 ΜΒ.
1932 4765 1953 4797 ⁴
1978 4765 2192 4815 comunis
2212 4764 2266 4814 in
2291 4762 2403 4816 MS.
