3467 5717
738 836 865 898 158
1387 842 1711 897 ANNALES
1756 838 2183 896 MoNAs'man

397 1047 707 1099 A.D.1423.
824 1041 862 1072 “
894 1034 1216 1118 SecundO,
1270 1038 1367 1115 ut,
1415 1034 1658 1099 diurno
1721 1008 1928 1122 opere¹
1978 1032 2051 1097 in
2112 1031 2314 1098 vinea
2367 1031 2647 1098 Domini
2696 1032 2841 1119 jam

392 1137 527 1190 ΤΜ
547 1138 614 1189 he
732 1140 772 1177 “
814 1139 1156 1226 completo,
1199 1139 1424 1225 posset
1485 1135 1664 1201 filius
1727 1157 1878 1201 cum
1938 1134 2162 1201 favore
2219 1135 2432 1223 patris
2483 1135 2697 1201 redire
2756 1135 2842 1200 ad

391 1206 707 1324 {2381}sz-
732 1246 769 1278 “
814 1246 1055 1332 partes,
1120 1240 1588 1328 labentemque
1652 1238 1962 1305 reducere
2028 1237 2246 1305 vitam
2312 1239 2402 1305 ad
2468 1261 2622 1305 eum
2686 1238 2844 1304 reli-

392 1346 508 1390 turn
524 1339 689 1392 home.
731 1348 767 1380 “
811 1344 1027 1433 gionis
1073 1341 1093 1380 ¹
1116 1342 1477 1425 hortulum,
1522 1363 1724 1431 quem
1771 1342 1854 1408 de
1899 1363 2103 1408 manu
2152 1340 2369 1430 patris
2406 1340 2705 1430 'suscepit
2762 1341 2837 1406 in

733 1455 768 1484 “
809 1446 1059 1535 Anglia
1102 1446 1189 1512 ad
1232 1445 1756 1534 gubernandum.

395 1565 533 1616 That
552 1568 619 1618 ιω
822 1554 859 1587 “
889 1548 1114 1617 Tertio
1155 1570 1332 1631 vero,
1379 1553 1460 1615 ut
1520 1569 1597 1615 eo
1654 1546 1871 1615 redire
1914 1547 2139 1614 valeat
2201 1547 2488 1614 donatus
2547 1546 2837 1629 denario,

391 1648 641 1751 ἱζῗζζξιζθ
733 1656 770 1688 “
816 1674 965 1741 qu0,
1010 1675 1162 1719 cum
1222 1651 1432 1719 totius
1490 1651 1593 1717 sui
1652 1649 1901 1716 laboris
1944 1670 2089 1716 sero
2132 1651 2529 1730 successerit,
2575 1650 2841 1739 plenam

393 1766 499 1816 kias
521 1767 583 1817 of
732 1760 770 1791 “
812 1754 943 1820 sibi
985 1755 1308 1822 medelam
1353 1753 1810 1842 peccaminum
1854 1772 2233 1841 comparare
2276 1754 2511 1820 valeat.
2603 1752 2839 1840 Sitque

391 1847 557 1896 peace.
734 1863 768 1894 “
813 1856 1015 1923 Pater
1080 1856 1467 1924 benedictus
1534 1856 1611 1921 in
1684 1877 1926 1937 sevum,
1993 1860 2066 1922 et
2132 1854 2308 1922 filius
2372 1856 2446 1922 in
2509 1860 2837 1923 aeternum

730 1964 767 1995 “
811 1959 1053 2026 vivat.”

392 2072 502 2123 The
513 2072 713 2151 ‘Pontiff
821 2061 949 2128 Cui
993 2059 1309 2129 Pontifex
1334 2065 1479 2127 2—-“
1509 2061 1794 2128 Domine
1838 2059 2136 2126 Abba—
2148 2060 2325 2143 Quia
2366 2060 2499 2127 tria
2556 2059 2840 2149 petituri

391 2139 679 2269 {ffi'gusslg
733 2169 768 2201 “
814 2165 1015 2231 tertio
1066 2165 1213 2251 jam
1271 2164 1601 2247 acceditis,
1647 2164 1783 2230 tria
1839 2164 2126 2230 libenter
2181 2163 2490 2230 volumus
2531 2162 2697 2245 fieri,
2740 2164 2841 2228 fa-

392 2273 535 2321 three
733 2273 770 2305 “
814 2269 1188 2355 ciemusque
1249 2288 1371 2355 pro
1432 2271 1595 2334 voto
1662 2268 1952 2354 plenam,
1997 2271 2200 2353 prout
2243 2265 2494 2354 petitis,
2551 2265 2840 2353 gratiam

392 2345 631 2403 requests.
732 2378 769 2409 “
815 2371 1021 2439 vobis.
1112 2369 1454 2437 Concessis
1496 2373 1799 2436 attamen
1842 2369 2101 2436 duobus
2144 2368 2394 2456 primis,
2424 2368 2732 2434 volumus
2761 2371 2840 2433 ut

732 2478 768 2510 ‘²‘
812 2473 887 2539 in
918 2471 1119 2540 tertio
1150 2472 1627 2539 exuberantius
1656 2475 1907 2538 crescat
1934 2471 2126 2538 vobis
2153 2470 2500 2553 concessio,
2530 2471 2837 2558 quodque

731 2580 771 2611 “
814 2575 1015 2642 semel
1059 2574 1134 2640 in
1191 2595 1337 2643 sero
1395 2574 1604 2642 vestri
1661 2574 1908 2640 laboris
1955 2572 2144 2639 vobis
2192 2573 2424 2662 largiri
2468 2573 2835 2661 deposcitis,

731 2682 769 2714 “
814 2675 840 2714 2
859 2676 1272 2743 decernimus
1315 2680 1398 2742 ut
1439 2676 1744 2744 habeatis
1790 2696 1876 2742 ex
1909 2674 1938 2716 ⁸
1954 2675 2565 2763 superabundantia
2590 2676 2837 2741 totiens

731 2784 769 2815 “
813 2780 1121 2866 quotiens
1179 2779 1358 2846 diem
1405 2779 1572 2847 vitae
1623 2780 1698 2846 in
1746 2796 2046 2847 occasum
2104 2777 2373 2863 creditis
2432 2799 2720 2864 vergere,
2767 2783 2839 2842 et

732 2888 768 2919 “
813 2882 1086 2971 spiritus
1140 2882 1398 2950 exitum
1452 2881 1853 2949 formidatis.
1944 2881 2167 2970 Igitur
2217 2902 2365 2948 cum
2425 2881 2548 2945 hac
2599 2880 2838 2967 gratiae

732 2992 766 3022 “
812 2986 1246 3053 exuberantia
1288 2984 1614 3053 accedatis
1654 2985 1742 3051 ad
1788 2984 1970 3074 pacis
2015 2983 2327 3068 osculum,
2371 2985 2442 3049 et
2486 2982 2833 3070 posterius,

731 3094 768 3125 “
814 3111 964 3156 cum
1023 3089 1256 3156 divina
1297 3109 1376 3155 ac
1420 3092 1652 3155 nostra
1691 3086 2177 3170 benedictione,
2223 3087 2309 3153 ad
2351 3085 2637 3174 propria,
2681 3106 2832 3151 cum

733 3197 770 3227 “
812 3191 1105 3276 libuerit,
1150 3191 1518 3260 recedatis.'’

393 3314 546 3365 After
565 3328 642 3366 re-
819 3294 1069 3379 Abbas,
1089 3295 1201 3362 'ad
1262 3294 1403 3363 haee
1467 3294 1543 3360 in
1604 3300 1850 3361 terram
1911 3314 2241 3378 corruens,
2297 3293 2372 3358 in
2432 3290 2645 3361 forma.
2706 3313 2839 3380 qua

392 3381 706 3499 Ϊῗέζῑῑξέζὴθ
730 3396 893 3463 alias
937 3398 1023 3464 ad
1066 3397 1247 3486 pacis
1292 3397 1586 3465 osculum
1643 3395 1961 3480 accessit3
2021 3396 2362 3485 petitaque
2408 3393 2669 3463 Summi
2714 3394 2838 3461 Sa-

392 3516 634 3581 messing,
732 3500 1015 3568 oerdotis
1075 3501 1551 3583 benedictione,
1614 3522 1691 3567 ac
1756 3502 2104 3589 gratanter
2164 3498 2338 3581 data,
2410 3518 2558 3563 cum
2620 3496 2837 3585 plenis

392 3582 674 3712 ggssaffim
729 3603 1069 3670 favoribus
1129 3604 1335 3692 ipsius
1394 3602 1759 3670 declinavit
1811 3601 2254 3691 praesentiam,
2297 3622 2651 3687 versusque
2694 3600 2838 3665 An-

729 3706 935 3792 gliam
964 3705 1354 3794 disponebat
1397 3706 1642 3772 itinera
1677 3710 1810 3773 sua„
1902 3704 2295 3793 Priusquam
2326 3708 2551 3769 tamen
2594 3702 2840 3768 itinera

729 3808 846 3874 illa
874 3809 1211 3897 arriperet,
1246 3808 1516 3875 accessit
1562 3809 1647 3876 ad
1678 3831 1831 3876 eum
1860 3812 2174 3876 executor
2216 3805 2583 3896 gratiarum
2610 3803 2641 3844 ¹¹
2659 3826 2838 3893 pres·

395 3920 478 3972 He
501 3923 667 3973 learns
731 3911 948 3998 byter,
994 3911 1112 4000 qui
1158 3933 1377 3979 secum
1421 3912 1502 3977 de
1546 3911 1795 4001 Anglia
1838 3915 2155 3992 venerat3
2199 3909 2315 3997 qui
2361 3913 2431 3975 et
2474 3929 2626 3975 suas
2670 3907 2843 3996 Sup-

391 3989 653 4120 ἔᾞρῖξᾷ,
733 4013 1122 4102 plicationes
1178 4037 1300 4104 pro
1343 4017 1504 4082 voto
1549 4014 1845 4104 signatas
1903 4014 2203 4094 asseruit,
2257 4015 2328 4078 et
2377 4010 2546 4078 tales
2589 4010 2839 4091 Bullas,

391 4122 522 4172 tions
544 4122 677 4174 have
733 4117 809 4182 in
875 4116 1088 4188 forma
1146 4139 1297 4204 quse
1340 4116 1660 4205 sequitur,
1707 4138 2043 4184 concessas
2093 4114 2403 4181 similiter
2475 4111 2839 4180 nunciavit.

392 4190 668 4319 {geg-aly
743 4219 892 4302 Quo
942 4221 1192 4302 audito,
1237 4219 1469 4286 Abbas
1515 4218 1791 4288 Summo
1836 4219 2101 4285 Pastori
2148 4219 2288 4307 egit
2346 4216 2610 4308 gratias,
2663 4216 2840 4283 vale-

733 4322 1108 4410 faciensque
1167 4321 1339 4405 urbi,
1406 4322 1734 4391 salutavit
1802 4321 2089 4405 Curiam,
2156 4326 2229 4388 et
2285 4317 2555 4387 recessit
2614 4340 2841 4386 versus

727 4430 965 4514 partes.

801 4680 817 4713 ¹
840 4681 1046 4733 oraclum
1066 4683 1121 4733 in
1144 4682 1262 4735 MS.
1902 4681 1924 4714 3
1944 4679 2437 4747 superhabundantia
2457 4679 2512 4730 in
2528 4680 2643 4731 MS.

799 4761 821 4794 '·'
843 4761 1160 4813 discernimus
1181 4763 1235 4814 in
1256 4764 1369 4817 MS.
1898 4761 1920 4792 ⁴
1934 4759 2184 4827 presbiter
2206 4760 2258 4812 in
2284 4760 2400 4814 MS·
