3467 5717
851 817 987 884 380
1503 832 1824 884 ANNALEs
1865 832 2289 885 ΜοΝΔετΕΒΠ

501 1048 807 1106 A‚D,1434‚
848 1029 884 1058 “
927 1022 1124 1089 dictae
1176 1020 1504 1103 citationi,
1565 1042 1703 1086 una
1761 1042 1913 1087 cum
1961 1020 2381 1102 inhibitione,
2430 1022 2457 1062 ¹
2479 1024 2824 1110 petitione,
2888 1031 2963 1093 et

846 1131 887 1161 “
929 1124 1209 1205 decreto,
1257 1123 1693 1209 omnibusque
1745 1123 1894 1189 aliis
1956 1127 2027 1191 et
2069 1124 2350 1213 singulis
2379 1127 2750 1213 praemissis,
2779 1127 2958 1207 dum,

847 1235 882 1265 “
928 1228 1098 1293 sicut
1143 1225 1597 1314 praemittitur,
1628 1225 1870 1293 fierent
1914 1232 1985 1293 et
2029 1232 2403 1315 agerentur,
2436 1250 2574 1294 una
2616 1251 2767 1295 cum
2794 1252 2962 1318 prse-

841 1335 879 1364 “
923 1328 1288 1396 nominatis
1330 1327 1632 1405 testibus,
1681 1350 1972 1415 praesens
2033 1328 2329 1411 interfui,
2395 1352 2603 1416 eaque
2647 1332 2741 1398 sic
2812 1332 2957 1398 fleri

839 1439 875 1467 “
917 1430 1062 1496 vidi
1124 1437 1194 1498 et
1261 1429 1512 1511 audivi,
1583 1429 1735 1495 ideo
1795 1430 1919 1496 hoc
1978 1452 2266 1518 praesens
2325 1430 2667 1517 publicum
2711 1433 2955 1499 instru-

837 1539 874 1568 “
918 1537 1237 1614 mentum,
1283 1553 1401 1619 per
1443 1531 1665 1610 alium,
1712 1554 1820 1598 me
1864 1531 2013 1598 aliis
2073 1538 2390 1618 occupato
2433 1534 2737 1621 negotiis,
2792 1535 2953 1602 fide-

836 1645 874 1674 “
917 1637 1075 1702 liter
1118 1634 1459 1721 scriptum,
1489 1633 1736 1700 exinde
1781 1634 2049 1713 confeci,
2096 1634 2469 1723 subseripm,
2502 1635 2858 1723 publicavi,
2886 1644 2957 1704 et

835 1747 872 1775 “
916 1739 989 1803 in
1018 1737 1190 1803 hanc
1217 1736 1550 1823 publicam
1581 1737 1863 1803 sormam
1907 1738 2171 1825 redegi3
2233 1737 2555 1826 signoque
2585 1744 2656 1805 et
2685 1740 2951 1807 nomine

834 1848 872 1879 “
916 1841 1079 1907 meis
1123 1840 1337 1907 solitis
1381 1845 1452 1905 et
1497 1841 1845 1921 consuet-ie,
1906 1861 2043 1905 una
2101 1862 2249 1906 cum
2299 1840 2635 1928 praelibati
2681 1842 2951 1908 Domini

837 1950 874 1981 “
922 1942 1319 2023 Geminiani,
1352 1942 1566 2009 Electi
1593 1947 1664 2008 et
1700 1942 2069 2021 AuditoriS,
2110 1943 2510 2030 appensione
2554 1943 2776 2031 sigilli,
2818 1944 2950 2033 sig-

837 2054 873 2082 “
918 2047 1095 2126 navi,
1140 2049 1408 2132 rogatus
1468 2051 1540 2112 et
1596 2044 1970 2133 requisitus,
2016 2044 2092 2110 in
2134 2045 2332 2112 fidem
2377 2051 2449 2112 et
2492 2047 2949 2113 testimonium

837 2156 875 2186 ‘⁶
918 2145 1463 2236 praemiesomm.”

919 2411 1192 2478 Litteroe
1240 2409 1752 2496 Certifioatorioe
1797 2431 2008 2498 super
2056 2409 2427 2479 Citationis
2471 2412 2865 2478 mammone.

485 2572 691 2648 Letufrs
921 2564 958 2592 “
991 2555 1380 2622 Reverendo
1440 2555 1514 2621 in
1579 2555 1850 2623 Christo
1912 2554 2101 2621 Patri
2159 2577 2237 2621 ac
2296 2555 2605 2634 Domin0,
2650 2555 2939 2621 Domino

491 2637 761 2768 ἓξὲξ
835 2663 871 2692 “
920 2655 1317 2723 Geminiano
1354 2658 1437 2723 de
1482 2658 1701 2739 Pravo,
1734 2657 1864 2723 Dei
1910 2662 1979 2724 et
2026 2657 2428 2744 Apostolicae
2469 2657 2660 2724 sedis
2703 2658 2938 2745 gratia,

492 2770 580 2820 the
602 2772 700 2850 ⁶¹¹?
830 2765 868 2796 “
916 2758 1144 2825 Electo
1192 2758 1679 2840 Tudertinensi,
1724 2780 1981 2825 necnon
2050 2760 2215 2825 sacri
2285 2758 2528 2825 Palatii
2573 2759 2941 2846 Apostolici

491 2843 758 2953 ξξξζξῄω
829 2868 865 2898 “
912 2883 1259 2927 causarum
1302 2867 1375 2928 et
1418 2884 1648 2940 causae,
1682 2883 1760 2927 ac
1804 2860 2109 2949 partibus
2154 2884 2238 2928 ex
2281 2862 2493 2928 altera
2535 2868 2719 2949 parte
2764 2884 2937 2948 prae-

491 2968 731 3032 Cimon,
828 2972 867 3001 “
910 2965 1203 3031 sentium
1246 2964 1622 3030 litterarum
1668 2964 2032 3051 descriptis,
2067 2985 2110 3029 a
2150 2963 2441 3030 Domino
2484 2969 2702 3030 nostro
2746 2963 2936 3050 Papa

491 3035 628 3088 A.D.
658 3042 802 3091 ¹⁴³⁵·
829 3074 867 3104 “
911 3067 1276 3134 ”Audit-ori
1320 3066 1691 3155 specialiter
1736 3066 2080 3154 deputat0,
2124 3066 2468 3133 «Iohannes
2500 3065 2773 3153 Savage,
2805 3066 2936 3132 cle-

829 3177 867 3209 “
910 3170 1103 3253 ricus,
1152 3170 1584 3237 Eboracensis
1626 3167 1655 3206 ⁸
1676 3168 2016 3250 Dioecesis,
2061 3169 2409 3255 utriusque
2467 3168 2516 3234 J
2517 3168 2655 3234 uris
2707 3168 2936 3235 Bacul-

825 3280 860 3308 “
904 3273 1124 3354 larius,
1173 3273 1634 3339 mandatarius
1677 3271 1804 3338 sub
1845 3271 2060 3337 forma
2103 3270 2177 3337 in
2219 3271 2468 3337 eisdem
2519 3270 2764 3337 litteris
2826 3270 2935 3337 de-

825 3382 864 3412 “
909 3376 1155 3463 scripta
1200 3375 1598 3442 sufficienter
1641 3381 1711 3441 et
1741 3374 2037 3461 legitime
2083 3373 2456 3461 deputatus,
2488 3372 2936 3438 obedientiam

826 3486 862 3515 “
908 3484 979 3545 et
1025 3479 1467 3545 reverentiam
1498 3477 1777 3558 debitas,
1810 3498 1957 3542 cum
1986 3475 2253 3542 honore.
2341 3475 2631 3541 Litteras
2659 3479 2932 3556 vestras,

823 3587 862 3618 “
907 3582 934 3620 ⁴
952 3582 1157 3647 immo
1217 3581 1456 3660 verius,
1502 3579 1934 3667 Apostolicas,
1981 3600 2133 3644 cum
2179 3599 2260 3644 ea
2302 3600 2436 3665 qua
2480 3577 2705 3643 decuit
2749 3599 2934 3643 reve-

823 3694 857 3721 “
903 3685 1136 3763 rentia,
1184 3705 1396 3769 nuper
1446 3684 1678 3770 recepi,
1721 3681 2101 3769 hujusmodi
2154 3681 2279 3748 sub
2330 3686 2686 3747 tenore.—‘
2706 3679 2932 3746 Gemi—

820 3794 855 3823 “
900 3795 916 3822 ‘
947 3786 1187 3851 nianus
1253 3786 1335 3850 de
1398 3784 1619 3864 Prato,
1667 3783 1795 3850 Dei
1856 3789 1929 3850 et
1988 3784 2388 3871 Apostolicae
2435 3782 2628 3849 Sedis
2686 3783 2931 3869 gratia,

820 3895 857 3924 “
905 3897 920 3925 ‘
953 3888 1216 3953 Electus
1273 3885 1794 3967 Tudertinensis,
1857 3907 2111 3952 necnon
2169 3886 2337 3952 sacri
2396 3884 2645 3950 Palatii
2696 3882 2724 3922 ⁶
2744 3883 2929 3970 Apo-

820 3997 857 4028 “
901 3998 917 4027 ‘
948 3989 1160 4057 stolici
1205 4010 1548 4056 causarum
1589 3993 1661 4054 et
1695 4010 1924 4068 causae,
1956 4009 2032 4054 ac
2061 3988 2359 4074 partibus
2397 3985 2847 4072 infrascriptis,
2884 4008 2930 4050 a

820 4101 857 4130 “
903 4102 921 4132 ‘
951 4093 1237 4159 Domino
1282 4096 1508 4158 nostro
1555 4090 1740 4178 Papa
1796 4089 2081 4156 Auditor
2125 4088 2498 4177 specialiter
2543 4088 2925 4175 deputatus,

819 4202 856 4231 “
903 4202 921 4233 ‘
949 4194 1275 4261 universis
1319 4198 1389 4259 et
1432 4193 1710 4283 singulis
1758 4192 2080 4270 Dominis,
2123 4190 2521 4270 Abbatibus,
2569 4189 2924 4269 PrioribuS,

816 4303 854 4333 “
900 4301 917 4331 ‘
949 4295 1346 4383 Praepositis,
1375 4294 1675 4375 DecaniS,
1695 4293 2211 4373 Archidiaconis,
2244 4290 2717 4371 “Scholasticis
2752 4290 2928 4357 Can-

814 4406 851 4435 “
899 4405 916 4435 ‘
949 4399 1224 4479 toribus,
1272 4397 1693 4477 Custodibus,
1739 4395 2208 4478 Thesaurariis,
2255 4393 2577 4474 sacristis,
2624 4397 2766 4459 tam
2796 4392 2926 4459 Ca-

1135 4548 1156 4551 „
1187 4546 1288 4550 —-
1319 4540 2297 4550 ————————————————-

877 4630 1215 4697 ¹petitioniin
1236 4630 1351 4682 MS.
1984 4627 2388 4721 ⁴ymmoinMS.

877 4709 900 4742 ²
919 4709 1137 4759 Auditor
1158 4708 1212 4759 in
1234 4708 1348 4760 MS.
1981 4704 2006 4742 ⁸
2027 4707 2307 4773 Apostolice
2326 4706 2382 4758 in
2403 4705 2517 4759 MS.

876 4786 898 4818 ³
921 4784 1153 4835 Dion-esis
1174 4787 1226 4836 in
1249 4786 1363 4837 MS.
1985 4784 2206 4837 “Scalas
2209 4786 2319 4836 tim
2340 4786 2394 4836 in
2416 4784 2529 4836 MS.
