3467 5717
785 846 914 912 190
1453 860 1769 951 mum
1810 859 2233 912 Mons-rimu

443 1043 584 1097 ΑΒ·
609 1048 753 1100 ¹4²4·
783 1052 820 1085 “
866 1052 1011 1116 tate
1054 1051 1127 1114 et
1169 1046 1412 1114 frivola
1473 1048 1802 1137 opinione,
1846 1047 2201 1115 intentetis
2241 1067 2473 1115 causas
2518 1048 2742 1115 litium
2787 1070 2893 1115 co-

786 1155 824 1187 “
867 1173 1011 1216 ram
1047 1150 1293 1237 judice,
1337 1172 1502 1236 quas
1543 1150 1873 1237 posterius
1913 1151 2157 1232 forsan,
2188 1172 2339 1217 cum
2384 1151 2726 1240 optabitis,
2755 1173 2895 1217 non

783 1257 822 1289 “
867 1252 1179 1320 valebitis
1253 1273 1603 1319 removere.
1725 1253 2076 1320 Habentes
2151 1252 2363 1340 igitur
2434 1277 2555 1342 pro
2629 1255 2892 1343 speculo

785 1360 822 1392 “
866 1354 893 1393 1
911 1355 1183 1422 Dathan
1226 1361 1297 1422 et
1325 1355 1603 1439 Abiron,
1637 1377 1803 1443 quos
1847 1360 2029 1422 terra
2072 1355 2268 1422 vivos
2312 1348 2675 1438 absorbuit,
2731 1357 2893 1441 quia

783 1463 822 1494 “
865 1458 1076 1546 magis
1103 1459 1538 1545 indignanter
1566 1480 1770 1544 quam
1813 1457 2309 1525 rationabiliter
2337 1458 2594 1547 jurgati
2626 1458 2893 1524 fuerant

783 1564 822 1596 “
866 1563 1098 1627 contra
1150 1560 1463 1647 Moysen3
1508 1560 1730 1642 immo,
1777 1559 1958 1627 viros
2007 1561 2172 1627 alios
2223 1559 2657 1648 propinquius
2701 1560 2891 1626 vobis

784 1667 823 1698 “
855 1660 1144 1749 junctos,
1176 1666 1248 1729 et
1291 1661 1416 1728 sub
1453 1667 1698 1729 vestrae
1742 1661 2144 1750 cognitionis
2186 1661 2515 1729 limitibus
2566 1663 2893 1729 recentius

782 1768 821 1800 “
866 1765 1379 1854 comprehensos,
1428 1786 1711 1851 quorum
1755 1763 1968 1852 aliqui
2012 1770 2206 1831 extra
2246 1764 2494 1855 regiam
2538 1765 2892 1852 protectio-

782 1872 820 1902 “
865 1889 1017 1933 nem
1060 1871 1252 1933 erant
1294 1867 1514 1954 positi,
1546 1866 1664 1932 alii
1707 1868 1890 1956 passi
1930 1888 2199 1955 poenam
2238 1865 2542 1955 patibuli,
2574 1866 2692 1933 alii
2730 1886 2891 1932 vero

784 1973 820 2004 “
863 1991 1072 2057 usque
1110 1968 1198 2035 ad
1227 1974 1594 2036 extremam
1623 1969 1951 2036 bonorum
1980 1968 2010 2008 ⁹
2027 1967 2547 2036 exinanitionem
2585 1968 2659 2034 in
2686 1989 2891 2058 poena

780 2075 821 2106 “
865 2071 1247 2158 pecuniaria
1305 2071 1629 2151 mulctati,
1674 2071 1825 2138 ideo
1894 2070 2054 2159 quia
2115 2071 2294 2138 elata
2351 2069 2601 2138 cervice
2658 2075 2891 2137 contra

782 2179 818 2207 “
859 2194 1012 2239 suos
1055 2172 1357 2240 dominos
1393 2178 1749 2241 erexerunt
1782 2174 2177 2254 calcaneum,
2207 2173 2890 2260 disclamaveruntque

784 2279 823 2311 “
865 2280 1091 2341 tenere
1150 2275 1234 2342 de
1293 2274 1456 2364 ipsis
1501 2276 2060 2362 quemadmodum
2111 2280 2478 2343 tenuerunt
2519 2281 2744 2365 patres
2785 2296 2894 2341 eo-

782 2384 817 2420 “
861 2399 1044 2458 rum;
1084 2375 1311 2461 nolite,
1357 2378 1779 2458 consulimus,
1829 2378 2239 2445 credentiam
2299 2379 2455 2444 dare
2506 2377 2892 2444 consiliariis

786 2487 821 2514 “
864 2479 1131 2566 perfidis
1173 2483 1246 2545 et
1287 2479 1455 2546 viris
1497 2479 1767 2568 iniquis,
1811 2479 1928 2567 qui
1972 2480 2418 2547 fabulationes
2475 2480 2665 2547 vobis
2723 2481 2889 2546 refe—

786 2587 822 2621 “
866 2585 1048 2664 runt,
1093 2578 1121 2621 ⁸
1142 2580 1259 2647 sed
1318 2603 1455 2648 non
1505 2587 1587 2647 ut
1628 2580 1787 2648 ⁴’lex
1837 2603 2043 2664 vera;
2100 2604 2204 2666 ne,
2267 2581 2513 2649 similes
2569 2604 2717 2649 cum
2759 2581 2892 2647 hiis

783 2689 823 2719 “
868 2682 952 2748 de
996 2683 1235 2770 quibus
1270 2683 1413 2769 jam
1444 2682 1744 2750 diximus
1787 2689 2059 2773 agentes
2103 2706 2425 2766 excessus,
2455 2685 2700 2752 similia
2739 2705 2891 2751 cum

784 2790 823 2821 “
866 2784 1113 2852 eisdem
1157 2805 1507 2872 poenarum
1550 2787 1941 2875 gravamina
1982 2786 2333 2854 toleretis.”

449 2905 499 2956 1t
515 2904 559 2956 is
580 2905 761 2972 agreed
874 2886 1173 2968 Quorum
1254 2887 1610 2954 verborum
1692 2888 2047 2954 sententiis
2121 2887 2456 2976 paulisper
2533 2886 2888 2975 pacificati,

449 2973 760 3090 affugit-mu
777 2986 809 3041 1⁶
829 2993 1298 3056 consenserunt
1369 2990 1445 3056 in
1517 2989 1698 3057 huuc
1769 2990 1992 3072 finem,
2063 2966 2389 3078 quatenus
2456 2989 2532 3056 in
2597 2988 2889 3057 crastino

449 3107 514 3156 be
535 3121 651 3171 pro-
780 3092 1007 3159 Beatae
1053 3093 1447 3180 Margaretae
1491 3114 1579 3159 ex
1638 3093 1944 3181 proximo
2006 3098 2172 3161 tunc
2231 3097 2548 3181 sequente
2608 3091 2889 3158 adduce·

448 3173 727 3291 ξξξξῖἰὲξ,
745 3260 760 3273 ,
780 3201 1015 3262 rentur
1041 3195 1115 3260 in
1144 3195 1438 3262 medium
1482 3195 1638 3261 hinc
1664 3195 1823 3262 inde
1852 3195 2229 3276 evidentiae,
2263 3217 2349 3262 ex
2377 3199 2664 3283 utraque
2700 3199 2889 3282 parte

451 3307 683 3386 audtht
745 3277 760 3301 ⁹
784 3297 1070 3381 habitae;
1130 3303 1202 3365 et
1265 3299 1342 3378 si,
1402 3303 1551 3387 post
1613 3298 2006 3387 diligentem
2056 3298 2556 3388 inspectionem,
2601 3296 2891 3364 inveniri

446 3381 732 3490 ffitqtgon
781 3407 1001 3488 posset
1045 3401 1225 3518 quod
1267 3401 1457 3468 fieret
1516 3400 1680 3489 ipsis
1721 3400 1996 3469 villanis
2057 3402 2167 3468 vel
2226 3400 2509 3518 minima
2558 3400 2665 3466 sui
2714 3398 2891 3485 juris

448 3508 596 3558 made
616 3514 671 3557 ¹0
781 3504 1162 3580 subtractio,
1205 3502 1451 3569 faceret
1495 3502 1749 3586 Abbas,
1795 3503 2043 3590 absque
2086 3503 2389 3569 ulteriori
2436 3524 2511 3567 in
2552 3502 2698 3590 lege
2740 3522 2892 3589 pro-

448 3573 746 3703 ἓξῃξοζω
778 3627 981 3687 cessu,
1035 3604 1245 3670 talem
1308 3605 1403 3670 eis
1449 3605 1969 3689 restitutionem,
2029 3627 2181 3692 quae
2223 3605 2450 3670 illatas
2491 3602 2893 3670 sufficienter

449 3708 680 3823 ἓξὲξ
701 3771 763 3823 be
784 3709 1233 3792 compensaret
1275 3705 1576 3793 injurias,
1619 3730 1697 3775 ac
1745 3707 2042 3796 plenarie
2100 3707 2515 3775 satisfaceret
2570 3706 2893 3774 desiderio

447 3841 733 3905 aggrieved,
781 3828 921 3874 suo.

874 3908 1001 3976 Die
1060 3908 1273 3998 igitur
1320 3909 1650 3992 veniente,
1694 3916 1767 3979 et
1823 3911 2129 4000 partibus
2190 3911 2266 3977 in
2324 3933 2570 4000 magna
2614 3908 2895 3978 Camera

782 4011 1072 4079 Abbatis
1114 4012 1545 4103 congregatis,
1575 4018 2014 4102 porrexerunt
2054 4014 2290 4083 villani
2333 4036 2452 4102 pro
2497 4013 2745 4081 clameo
2787 4012 2895 4079 sui

772 4115 950 4203 juris
1013 4116 1315 4183 cedulam
1381 4117 1899 4206 supplicationis,
1971 4117 2097 4185 sub
2170 4117 2296 4185 hac
2360 4139 2512 4206 quae
2585 4114 2894 4205 sequitur

779 4217 994 4285 forma
1035 4221 1397 4286 tenoris,—

850 4512 867 4547 ¹
891 4513 957 4565 In
977 4514 1189 4567 allusion
1209 4521 1265 4568 to
1286 4512 1534 4568 Nmbm
1552 4514 1659 4568 xvi.
1684 4520 1768 4569 32.
1949 4514 1973 4549 ⁴
1993 4515 2080 4571 Sic
2101 4516 2156 4567 in
2176 4515 2311 4581 MS„
2332 4515 2386 4568 in
2407 4516 2495 4569 the
2515 4516 2838 4569 nominative.

849 4592 1506 4726 {mgmminhffls-
1949 4596 2560 4650 ‘consentia-mium.
