3467 5717
1319 833 1682 884 APPENDIX
1729 818 1848 904 (A).
2501 823 2631 885 413

526 1020 564 1052 ‘⁴
605 1017 790 1083 nium
844 1018 1039 1104 quale
1087 1019 1284 1085 modo
1337 1019 1651 1100 diximus,
1705 1021 1953 1101 videte,
2006 1021 2422 1100 consulimuS,
2473 1045 2633 1107 quo·

524 1123 561 1154 “
604 1119 800 1185 modo
848 1121 920 1184 in
967 1143 1255 1207 praesens
1303 1122 1631 1209 negotiati
1674 1124 1875 1203 estis;
1922 1123 2166 1200 videte,
2199 1125 2255 1188 si
2286 1146 2435 1188 cum
2465 1129 2633 1188 tem-

526 1224 562 1255 “
604 1222 816 1307 porali
847 1221 1028 1288 lucro
1060 1244 1317 1309 semper
1354 1224 1422 1286 in
1457 1223 1648 1288 vobis
1681 1230 1948 1300 crescat,
1980 1226 2353 1311 vigeatque,
2387 1235 2632 1291 sanctae

524 1326 559 1356 ‘⁸
603 1323 943 1410 religionis
1004 1325 1317 1404 devoti03
1379 1325 1541 1411 quia
1586 1324 1993 1411 plerumque,
2047 1327 2204 1391 dum
2267 1326 2636 1392 claustralis

527 1429 562 1459 “
607 1424 783 1490 foras
813 1425 1112 1490 trahitur
1142 1427 1228 1490 ad
1266 1426 1629 1511 temporale
1678 1426 1986 1507 officium,
2019 1428 2261 1514 incipit
2304 1427 2639 1514 paulisper

527 1531 563 1560 “
608 1527 1061 1592 claustralium
1095 1527 1416 1607 oblivisci,
1448 1527 1847 1613 demumque
1895 1551 1972 1594 ea
2004 1530 2209 1594 menti
2242 1530 2634 1616 imprimere,

528 1633 564 1664 “
608 1649 752 1713 quae
813 1634 971 1694 sunt
1032 1628 1329 1694 totaliter
1390 1630 1898 1694 mundanorum.
2023 1630 2265 1696 Videte
2342 1631 2635 1707 ulterius,

528 1736 564 1766 “
609 1730 768 1795 dum
839 1730 1117 1795 interius
1180 1730 1412 1796 Mariae
1473 1729 1854 1816 relinquitis
1914 1731 2290 1818 rigationes
2356 1738 2425 1797 et
2486 1753 2632 1797 cum

527 1838 566 1868 “
604 1820 916 1897 ¹Martha
962 1831 1471 1897 sollicitudinem
1523 1832 1740 1917 agatis
1787 1832 1859 1896 in
1909 1833 2219 1911 externis,
2273 1855 2357 1898 ne
2410 1833 2634 1898 nimiae

527 1940 561 1969 “
608 1922 1020 2021 evagationis
1060 1934 1432 2021 egressibus
1478 1932 1646 1998 ullas
1677 1934 2029 2020 patiamini
2084 1941 2205 1998 aut
2253 1934 2466 1999 cordis
2517 1939 2638 1999 aut

526 2043 559 2072 ‘⁴
606 2037 891 2121 corporis
924 2035 1303 2113 discrasias;
1339 2035 1497 2121 quia
1526 2032 1749 2100 ²filius
1783 2034 2173 2115 Sunamiffis,
2207 2035 2291 2100 ad
2322 2058 2637 2101 messores

529 2142 565 2169 “
612 2137 968 2223 egrediens,
1028 2138 1101 2200 in
1162 2138 1377 2224 capite
1453 2136 1616 2201 tulit
1676 2136 1987 2216 dolorem,
2054 2135 2424 2223 ³Dinaque,
2497 2137 2640 2202 filia

528 2243 565 2274 “
612 2238 828 2315 Iacob,
876 2238 962 2303 ad
1025 2238 1406 2303 Sichimitas
1465 2239 1875 2324 perveniens,
1931 2259 2081 2302 eum
2145 2261 2343 2324 quem
2394 2240 2635 2304 iterum

528 2348 562 2374 “
609 2340 906 2426 plantare
939 2361 1071 2404 non
1098 2340 1337 2426 potuit,
1364 2341 1591 2405 amisit
1621 2340 2035 2426 virginitatis
2066 2339 2306 2406 florem.
2400 2342 2638 2407 Videte

527 2446 563 2477 “
609 2442 877 2527 insuper
911 2442 1108 2506 tertio
1140 2463 1257 2505 vos
1290 2440 1406 2526 qui
1452 2441 1693 2506 molam
1747 2441 2041 2523 volvitis,
2072 2449 2140 2508 et
2179 2465 2463 2529 granum
2518 2466 2639 2530 pro

530 2548 566 2578 “
614 2543 741 2607 hiis
794 2543 908 2629 qui
961 2542 1212 2607 divinis
1260 2543 1726 2629 mancipantur
1780 2542 2107 2629 obsequiis
2160 2544 2496 2630 suscipitis
2555 2544 2639 2609 ad

529 2650 565 2679 “
609 2644 1007 2724 molendum,
1055 2665 1138 2708 ne
1184 2645 1374 2731 panis
1420 2645 1819 2710 conveniens
1867 2646 1959 2710 eis
2022 2645 2302 2726 deficiat,
2350 2668 2501 2712 cum
2557 2647 2638 2711 de

526 2754 565 2781 “
611 2768 837 2812 mensa
881 2747 1095 2833 prima
1138 2746 1223 2811 ad
1271 2747 1621 2812 secundam
1668 2747 2075 2825 accesserint,
2108 2754 2178 2812 et
2208 2748 2456 2834 pariter
2486 2753 2638 2835 post

530 2855 564 2882 “
607 2848 801 2913 horas
861 2871 983 2914 sua
1042 2848 1442 2934 sumpserint
1486 2848 1723 2914 sedilia
1783 2849 1869 2913 ad
1936 2849 2348 2917 vescendum.
2466 2849 2641 2930 Quia

530 2957 569 2987 “
610 2952 996 3037 plerumque
1041 2950 1172 3015 hiis
1216 2950 1579 3015 defectibus
1632 2951 1972 3016 suboritur
2017 2951 2091 3014 in
2136 2953 2641 3037 congregatione

531 3058 567 3088 “
610 3054 891 3118 materia
952 3052 1329 3130 murmuriS,
1400 3073 1569 3137 quae,
1637 3073 1787 3116 cum
1853 3053 2086 3139 ingens
2151 3053 2240 3117 sit
2299 3052 2639 3118 turbatrix

527 3163 560 3189 “
606 3153 829 3231 animi,
876 3152 1397 3239 contemplantes
1441 3153 1777 3239 inquietat
1817 3154 2076 3240 saepius,
2108 3159 2177 3218 et
2207 3161 2435 3220 causat
2466 3156 2642 3235 inter

529 3262 565 3291 “
612 3256 790 3342 pacis
835 3254 1010 3319 filios
1055 3276 1133 3318 ea
1177 3254 1563 3341 plerumque
1595 3277 1745 3340 quae
1777 3261 1937 3320 sunt
1967 3257 2302 3321 contraria
2354 3258 2639 3325 caritati.

526 3367 563 3395 “
611 3359 761 3438 Qua
805 3358 1096 3433 turbata,
1148 3356 1434 3443 insurgit
1485 3357 1711 3422 subito
1764 3357 1883 3421 illa
1933 3379 2143 3422 vorax
2201 3358 2436 3439 bellua,
2493 3382 2640 3446 quae

528 3469 561 3496 “
609 3460 957 3526 servitium
989 3459 1371 3546 praescindit
1401 3460 1473 3522 in
1508 3456 1744 3538 choro,
1779 3481 1927 3544 quae
1960 3460 2295 3526 silentium
2332 3462 2641 3549 infringit

530 3568 571 3598 “
614 3563 686 3626 in
714 3562 1033 3638 ClaustrO,
1062 3582 1338 3646 quaeque
1370 3561 1439 3624 in
1464 3560 1776 3649 Capitulo
1808 3562 2341 3627 reformationem
2376 3563 2638 3651 refugit,

530 3670 565 3699 “
613 3664 686 3727 in
745 3663 1117 3728 Refectorio
1177 3660 1502 3748 regularia
1562 3663 1794 3748 rejicit,
1857 3685 1932 3728 ac
1993 3671 2222 3728 causat
2282 3666 2639 3751 utrobique

529 3770 565 3799 “
611 3763 914 3829 anomale
967 3763 1210 3837 vivere,
1262 3767 1331 3827 et
1383 3763 1728 3849 irregulari
1776 3765 1990 3831 mod0.
2108 3765 2331 3852 Igitur
2382 3769 2637 3845 fratres,

528 3875 563 3902 “
608 3868 694 3932 ad
747 3866 1198 3951 rejiciendum,
1245 3864 1869 3952 reprimendumque
1918 3866 2192 3954 jugiter,
2249 3868 2367 3933 hos
2427 3870 2637 3934 claus-

525 3974 562 4004 “
607 3969 807 4034 trales
852 3988 1153 4033 excessus
1197 3988 1470 4053 semper,
1502 3971 1572 4032 et
1606 3968 1938 4054 praecipue
1994 3990 2113 4054 pro
2162 3973 2458 4054 tempore
2507 3992 2637 4055 quo

523 4079 558 4106 “
603 4094 644 4135 a
704 4071 987 4136 claustro
1056 4068 1371 4134 fuerimus
1432 4090 1552 4133 nos
1611 4068 1934 4148 absentes,
1989 4069 2188 4155 agite,
2252 4067 2639 4137 ⁴hortamur

525 4180 560 4208 “
604 4173 978 4250 instantiuS,
1012 4192 1149 4236 non
1202 4170 1421 4235 minus
1470 4168 1835 4257 prudenter
1883 4192 2080 4256 quam
2130 4170 2432 4253 fideliter,
2463 4195 2636 4239 com-

524 4282 561 4311 “
604 4277 820 4341 missae
866 4274 1058 4340 vobis
1105 4272 1389 4338 officium
1436 4271 1963 4358 negotiationis.”

591 4474 606 4506 ¹
632 4458 776 4526 Luke'
793 4490 845 4525 x.
873 4478 954 4523 40.
1690 4469 1712 4503 ⁸
1741 4471 1949 4522 Genesis
1972 4472 2152 4523 xxxiv.
2177 4478 2224 4523 2.

585 4556 607 4587 ²
629 4556 660 4603 2
683 4553 849 4619 Kinyae
868 4553 936 4603 iv.
962 4558 1011 4615 8,
1049 4555 1125 4602 19.
1693 4549 1714 4579 ⁴
1736 4556 1951 4600 oetamur
1970 4549 2029 4600 in
2052 4551 2167 4601 MS.
