3467 5717
812 788 945 855 344
1478 794 1799 849 mass
1842 792 2264 850 MONASTEBII

480 983 615 1035 ΑΒ·
645 988 788 1037 ¹433·
820 993 857 1025 “
902 1009 1204 1075 expresse
1249 990 1440 1075 patet
1484 1007 1604 1073 per
1633 983 1918 1052 Chartae
1956 984 2386 1051 fundatorum
2432 1005 2718 1064 snorum,
2745 1006 2918 1050 nun-

767 1134 786 1145 ·
817 1098 852 1127 ‘⁶
898 1113 1101 1177 quam
1170 1090 1393 1178 potuita
1454 1095 1572 1156 aut
1617 1088 1852 1155 debuit
1910 1087 2275 1175 Episcopus
2335 1087 2576 1174 aliquis
2641 1087 2920 1174 alicujus

816 1200 854 1231 “
899 1193 923 1232 ¹
947 1193 1264 1259 Dioeccsis
1309 1213 1607 1259 exercere
1665 1190 1966 1278 juridice,
2015 1191 2264 1277 absque
2321 1189 2609 1257 Abbatis
2650 1190 2922 1256 licentia

819 1300 856 1333 ‘⁸
901 1318 1019 1362 seu
1062 1295 1503 1384 permissione,
1549 1294 1660 1362 vel
1701 1297 1929 1361 actum
1957 1293 2305 1360 minimum
2335 1292 2689 1360 ordinariae
2707 1291 2914 1378 juris-

817 1404 854 1435 “
898 1399 1222 1465 dictionis.

909 1509 943 1538 “
975 1501 1066 1566 Et
1110 1506 1188 1566 ut
1230 1500 1396 1567 fides
1440 1498 1701 1587 scriptis
1746 1498 1957 1586 magis
2001 1499 2198 1566 detur
2240 1521 2441 1586 quam
2484 1497 2723 1580 verbis,
2768 1519 2922 1564 con·

818 1612 857 1642 “
900 1626 1141 1693 gruum
1187 1609 1502 1687 censetur,
1548 1625 1626 1669 ac
1688 1602 2102 1681 conveniens,
2150 1603 2258 1669 hic
2286 1623 2591 1691 expresse
2632 1602 2918 1668 inserere

816 1715 851 1745 “
896 1707 1178 1774 chartas
1211 1706 1554 1793 utriusque
1583 1703 2019 1772 fundationis.
2111 1704 2205 1771 Et
2233 1708 2336 1772 est
2381 1704 2649 1772 Charbae
2676 1703 2918 1791 prioris

818 1817 852 1845 “
897 1813 1089 1876 tenor
1131 1808 1397 1876 halis.—

820 2204 1036 2270 Tenor
1084 2200 1348 2269 Chartoe
1391 2197 1865 2267 Fundationis
1909 2195 2320 2265 monasteria:
2348 2196 2591 2265 Sancti
2617 2195 2901 2263 Albani.

478 2393 647 2445 Tenon·
667 2397 730 2446 of
910 2386 946 2414 “
995 2378 1342 2465 Regnanbe
1409 2376 1480 2440 in
1548 2377 1941 2462 perpetuum
2008 2373 2149 2439 Deo
2211 2378 2282 2440 et
2342 2372 2630 2441 Domino
2691 2377 2919 2440 nostro

477 2461 793 2579 3⁰3}th
820 2487 858 2518 “
907 2480 1110 2545 Ihesu
1171 2479 1454 2545 Christo.
1559 2478 1747 2543 Licet
1818 2476 2065 2564 ubique
2123 2499 2241 2564 per
2299 2481 2519 2543 totum
2593 2477 2919 2542 mundum

479 2593 585 2644 tion
607 2597 670 2645 of
683 2598 769 2646 the
816 2589 852 2619 “
898 2581 925 2620 2
943 2582 1306 2647 Beatorum
1353 2577 1380 2618 ⁸
1397 2581 1790 2667 Martyrum,
1844 2578 1961 2666 qui
2012 2601 2205 2645 suum
2264 2600 2388 2666 pro
2441 2578 2708 2646 Christo
2769 2603 2920 2647 san·

478 2660 787 2780 ἒὲἒῖζαζῖε.
817 2693 852 2720 “
894 2685 1165 2772 guinem
1225 2681 1564 2763 fuderunt,
1628 2681 1867 2747 merita
1925 2681 2172 2748 divinae
2232 2682 2449 2748 laudis
2507 2683 2918 2750 exultatione

821 2793 857 2822 “
906 2784 1298 2852 celebranda
1341 2785 1498 2865 sint,
1545 2805 1917 2870 eorumque,
1964 2783 2091 2849 Dei
2135 2784 2404 2867 auxilie,
2436 2785 2737 2874 exempla
2778 2786 2920 2873 glo-

817 2895 855 2925 “
899 2889 1074 2955 riosa
1140 2888 1517 2975 sequenda3
1582 2887 1909 2975 praecipue
1974 2890 2226 2953 tamen'
2268 2887 2462 2954 nobis
2538 2889 2918 2956 Beatissimi

818 2999 855 3029 “
901 2993 1167 3071 Albani,
1215 2991 1329 3078 qui
1359 2990 1483 3057 sub
1513 2989 1634 3056 hac
1680 2989 2050 3056 Britanniae
2092 2989 2313 3056 insula
2354 2990 2677 3077 gloriosus
2704 2992 2730 3030 ⁴
2747 3015 2920 3059 mar-

818 3101 857 3131 “
904 3097 1085 3183 tyrio
1149 3094 1416 3176 effulsit,
1480 3093 1799 3159 memoria
1865 3093 1977 3180 pia
2051 3115 2306 3181 semper
2378 3094 2777 3177 intentione,
2845 3100 2915 3162 et

820 3203 856 3232 “
902 3198 1134 3263 sedula
1179 3196 1638 3274 sollicitudine,
1670 3194 2085 3261 observanda
2113 3200 2232 3264 est.
2322 3194 2525 3264 Unde
2570 3219 2709 3285 ege,
2742 3198 2911 3281 offa,

820 3308 855 3337 “
898 3302 1118 3389 gratia
1162 3300 1308 3382 Dei,
1356 3299 1504 3364 Rex
1547 3299 1960 3378 Merciorum‚
2009 3320 2159 3365 cum
2206 3299 2344 3364 filio
2396 3320 2542 3366 meo
2594 3299 2916 3387 Egiffido,

818 3410 853 3442 “
897 3426 1017 3492 pro
1063 3425 1284 3470 amore
1333 3403 1828 3491 omnipotentis
1872 3402 2017 3485 Dei,
2062 3407 2133 3468 et
2176 3401 2376 3489 hujus
2421 3402 2651 3471 Sancti
2710 3405 2917 3471 inber·

816 3513 853 3544 “
900 3508 1203 3588 cessione,
1246 3514 1493 3574 serram
1533 3508 1817 3597 triginta
1860 3508 2273 3576 manentium
2317 3509 2392 3574 in
2435 3508 2590 3574 locis
2635 3531 2917 3595 quorum

817 3620 855 3650 “
901 3615 1411 3681 subinseruntur
1469 3614 1760 3695 nomina,
1809 3614 2097 3680 Domino
2151 3635 2316 3696 mec,
2362 3614 2562 3680 Ibesn
2625 3614 2913 3697 Christo,

814 3722 854 3753 “
900 3718 985 3782 ad
1018 3715 1374 3782 Ecclesiam
1421 3715 1645 3781 Sancti
1696 3715 1965 3797 Albani,
1999 3717 2119 3782 ubi
2161 3716 2301 3805 ipse
2345 3721 2501 3804 tyro
2546 3716 2800 3805 primus
2842 3718 2917 3784 in

815 3827 852 3855 “
899 3821 1198 3908 passione
1260 3817 1536 3883 victima
1596 3818 1870 3885 effectus
1928 3823 2048 3901 est,
2085 3819 2240 3905 jure
2301 3825 2619 3908 perpetuo
2680 3823 2915 3908 perdo-

812 3929 848 3960 “
893 3924 1083 3990 nab0.
1175 3920 1404 4008 quue
1472 3920 1928 3988 delectabilius
1974 3921 2164 4010 ‘hanc
2228 3921 2652 3990 donationem
2720 3925 2916 4011 perfl-

814 4033 852 4062 “
898 4027 1017 4107 cio,
1064 4025 1225 4112 quia
1290 4046 1574 4113 superna
1632 4024 1961 4111 protectio
2018 4028 2160 4089 tam
2219 4024 2441 4090 nobile
2504 4026 2911 4114 temporibus

814 4134 851 4164 “
898 4129 1140 4194 nostris
1170 4127 1570 4208 thesaurum,
1619 4127 1796 4212 quod
1864 4126 1983 4192 diu
2037 4125 2168 4192 fuit
2231 4125 2540 4210 clausum,
2588 4134 2658 4194 et
2715 4128 2912 4214 hujus

813 4238 851 4266 “
895 4236 1091 4296 terrae
1135 4230 1466 4316 indigenis
1510 4230 1835 4310 abditum,
1878 4229 2169 4295 revelare
2217 4229 2497 4317 dignata
2541 4235 2658 4297 est.
2747 4231 2913 4299 Haec

815 4338 848 4368 “
894 4333 1124 4418 itaque
1192 4338 1351 4399 sunt
1411 4332 1874 4419 praedictarum
1938 4331 2261 4398 vocabula
2317 4336 2645 4399 terrarum
2678 4359 2805 4402 :—-
2825 4337 2913 4401 ad

877 4633 893 4665 ¹
912 4631 1143 4683 Diocesis
1162 4633 1214 4683 in
1234 4633 1350 4684 MS.
1853 4633 1867 4770 Ι
1972 4632 1995 4666 ³
2017 4632 2293 4686 Mat-tirum
2311 4633 2364 4684 in
2381 4634 2495 4688 MS.

877 4711 899 4744 ²
921 4710 1164 4762 Batornm
1186 4711 1240 4762 in
1261 4712 1374 4765 MS.
1974 4711 1995 4743 ⁴
2018 4713 2243 4764 martirio
2264 4713 2319 4764 in
2344 4712 2459 4766 MS.
