3467 5717
1375 867 1622 919 smcrx
1665 870 1942 921 uum.
2578 862 2707 928 213

603 1229 1098 1303 Ordmatwncs'
921 1233 936 1250 ⁰
1126 1234 1420 1323 ejusdem
1459 1235 2106 1309 Vieitmimss-—De
2134 1240 2334 1308 modo
2360 1241 2707 1329 psallendi
2726 1259 3040 1321 mamae.

1381 1337 1466 1406 ‘e'm
1516 1337 1906 1408 Domwmw‘
1791 1339 1807 1356 ⁶
1855 1340 1870 1357 ⁰
1904 1392 1920 1409 .
1982 1418 1989 1425 ,

692 1497 730 1528 “
763 1492 849 1559 In
917 1496 1240 1562 malorum
1315 1495 1829 1582 extirpationem
1902 1518 2304 1577 excessuum,
2374 1500 2700 1566 bonarum
2728 1504 2981 1586 Gonnum-

603 1599 640 1630 “
683 1596 1166 1683 plantationem
1209 1598 1781 1677 consuetudinum,
1823 1620 2082 1666 necnon
2126 1600 2212 1665 ad
2258 1600 2474 1669 Sacrae
2505 1602 2701 1669 decus
2722 1575 3026 1704 ssffiffm

602 1702 642 1733 “
686 1699 1010 1780 Ecclesiae,
1051 1722 1128 1766 ac
1163 1704 1603 1787 augmentum
1646 1699 1986 1787 religionis
2038 1703 2696 1773 sacrosanctae—In·
2718 1707 3003 1824 fflbgtihon

597 1804 636 1837 ³⁸
678 1802 924 1887 primis,
971 1824 1121 1867 cum
1164 1803 1361 1891 plena
1390 1806 1460 1869 et
1487 1807 1756 1868 matura
1774 1816 1779 1822 ’
1800 1801 2272 1870 deliberatione
2316 1804 2696 1872 ordinatum
2720 1837 2843 1890 tion.
2942 1781 3017 1826 ω

597 1908 636 1939 “
678 1907 795 1981 est,
841 1925 918 1969 ac
963 1902 1440 1991 capitulariter
1484 1903 1867 1983 diffinitum,
1895 1909 1976 1971 ut
2018 1904 2217 1991 hujus
2246 1905 2531 1974 ecclesiae
2562 1906 2698 1973 sin-

594 2014 631 2041 “
674 2005 818 2093 guli
883 2007 1244 2072 confratres
1311 2006 1595 2094 singulis
1662 2006 1897 2074 diebus
1963 2029 2039 2073 ac
2104 2009 2409 2077 noctibus
2461 2011 2702 2093 quibus

598 2113 633 2144 “
680 2108 933 2176 Divino
980 2108 1271 2175 Servitio
1315 2108 1390 2173 in
1435 2108 1650 2191 choro,
1688 2109 1774 2175 de
1818 2108 2139 2176 laudabili
2183 2110 2310 2177 loci
2355 2118 2702 2179 consuetu-

597 2216 636 2244 “
681 2210 856 2292 dine,
886 2210 1201 2277 interesse
1244 2214 1576 2291 tenentur,
1621 2211 1957 2292 studeant,
2001 2217 2331 2299 quantum
2375 2237 2495 2303 pro
2541 2215 2703 2282 viri-

598 2317 639 2348 “
684 2311 808 2378 bus
838 2311 864 2350 ¹
872 2318 1207 2400 poterunt,
1238 2333 1631 2399 quacunque
1661 2312 1902 2381 frivola
1931 2315 2355 2382 excusatione
2386 2323 2700 2396 cessante,

595 2421 634 2448 “
677 2413 809 2479 hiis
876 2415 1283 2502 temporibus
1342 2414 1431 2479 ad
1497 2413 1769 2480 chorum
1828 2416 2340 2501 praesentialiter
2382 2420 2703 2499 accedere,

597 2522 632 2553 “
674 2537 751 2582 ac
825 2516 1094 2597 ibidem,
1162 2519 1364 2603 prout
1422 2537 1545 2582 sua
1606 2516 1932 2596 intererit,
1998 2517 2072 2582 in
2146 2518 2700 2607 multiplicatione

598 2624 633 2654 “
675 2618 904 2706 plebis,
949 2618 1078 2684 Dei
1123 2617 1432 2685 laetitiam
1477 2640 1598 2706 pro
1641 2618 1911 2685 modulo
1955 2619 2395 2707 magnificare.

685 2726 722 2757 “
753 2721 1160 2811 Indulgeant
1208 2720 1413 2787 etiam
1455 2721 1719 2808 singuli,
1764 2724 1833 2787 et
1875 2721 1949 2786 in
1994 2721 2119 2789 hoc
2147 2722 2512 2789 districtius
2543 2745 2696 2790 one-

601 2829 637 2858 “
679 2844 899 2888 ramus
944 2825 1426 2890 Praecentorem
1471 2822 1669 2901 chori,
1701 2825 1780 2888 ut
1824 2822 2137 2889 distincte
2185 2829 2256 2890 et
2306 2827 2697 2912 protractim

595 2929 635 2961 ‘⁴
681 2925 905 2991 omnia
947 2924 1217 3007 ibidem,
1261 2929 1332 2991 et
1373 2924 1701 3013 praecipue
1764 2923 2224 3004 Psalmodiam,
2287 2931 2577 3006 cantent,
2620 2951 2699 2995 ac

596 3031 632 3062 ‘⁴
678 3028 752 3092 in
797 3027 1032 3094 diebus
1099 3025 1126 3067 ²
1145 3027 1562 3107 solemnibuS,
1626 3027 1702 3091 in
1762 3026 1918 3093 festi
1970 3025 2437 3106 reverentiam,
2482 3032 2554 3094 et
2610 3030 2697 3096 ad

596 3136 632 3165 “
676 3127 1191 3207 distinctionem,
1222 3129 1638 3216 protractius,
1669 3128 2141 3214 elevatiusque‚
2168 3149 2367 3215 quam
2412 3130 2579 3196 alias
2622 3131 2697 3197 in

598 3236 635 3266 “
679 3229 831 3296 aliis
873 3230 1051 3296 feriis
1095 3236 1216 3296 aut
1257 3230 1441 3296 festis
1486 3230 1788 3318 privatiS,
1832 3251 2062 3296 canere
2106 3232 2584 3298 consueverint.

688 3340 725 3367 “
758 3333 843 3398 In
888 3333 1262 3421 inceptione
1307 3354 1465 3399 vero
1510 3333 2054 3420 Antiphonarum
2120 3353 2259 3399 non
2300 3334 2485 3421 prius
2529 3356 2697 3422 prae·

597 3444 633 3473 “
675 3439 900 3503 sumat
931 3435 1303 3501 Praecentor
1345 3438 1576 3500 tonare
1607 3434 1963 3514 Psalmum,
1995 3434 2127 3500 nisi
2158 3439 2490 3522 quatenus
2520 3437 2699 3502 vocis

595 3543 634 3574 “
677 3537 1094 3626 indispositio
1169 3542 1291 3603 aut
1365 3537 1659 3602 scientiae
1731 3536 2149 3602 imbecillitas
2236 3536 2697 3619 intravenerit,

595 3649 628 3679 “
673 3662 874 3727 quam
917 3639 1399 3728 Antiphonista
1440 3638 1710 3726 plenum
1754 3637 1783 3677 ⁸
1799 3661 2106 3726 pneuma,
2137 3638 2247 3705 vel
2293 3645 2525 3706 tonum
2570 3642 2697 3707 sal·

593 3750 633 3780 “
679 3749 813 3808 tem
857 3741 1234 3829 perfectum,
1282 3741 1696 3806 cantaverit:
1766 3762 1887 3807 nec
1928 3746 2286 3828 praesumat
2330 3742 2413 3809 de
2457 3748 2695 3810 caetero

593 3852 629 3882 “
670 3843 1096 3931 incipientem
1142 3843 1214 3908 in
1259 3841 1477 3908 medio
1520 3841 1912 3931 inceptionis
1955 3843 2449 3932 interrumpere,
2495 3855 2696 3934 prout

590 3952 627 3983 “
673 3946 832 4013 olim
875 3946 1086 4011 facere
1131 3944 1489 4012 consuevit.
2368 4018 2375 4027 ,

683 4054 720 4084 “
753 4048 925 4115 Cum
990 4047 1220 4113 eodem
1294 4048 1500 4113 etiam
1567 4047 1961 4134 injungitur,
2032 4052 2112 4112 ut
2178 4046 2421 4135 singuli
2497 4047 2695 4133 hujus

591 4157 626 4186 ‘⁴
671 4148 941 4215 claustri
985 4147 1400 4235 *presbyteri
1444 4148 1720 4236 singulis
1765 4147 2016 4229 diebus,
2053 4147 2259 4235 juxta
2302 4147 2437 4213 vim
2505 4149 2694 4215 effec-

591 4257 632 4288 “
674 4257 949 4337 tumque
989 4249 1566 4321 Constitutionum
1597 4250 1669 4314 in
1701 4271 1779 4315 ea
1807 4254 1998 4338 parte
2028 4248 2380 4332 editarum,
2410 4250 2697 4318 afferant

587 4358 627 4390 ‘⁴
675 4353 819 4419 Deo
877 4358 1179 4421 sanctum
1240 4352 1637 4421 sacrificium
1697 4351 2326 4441 immaculatamque
2389 4352 2694 4433 hostiam,

657 4675 1115 4742 mom-minus,
1518 4703 1530 4714 -
1629 4672 1646 4819 Ι
1752 4670 2180 4725 vae-minus.

654 4753 677 4788 2
696 4752 1034 4825 ωηο-μῶυ
1053 4753 1109 4808 in
1131 4751 1245 4808 ms,
1753 4748 2051 4821 nomam·
2070 4751 2124 4807 in
2145 4750 2259 4809 ms,
