3467 5717
729 769 862 835 312
1397 784 1714 839 murs
1757 783 2179 856 nomm-mm

396 973 774 1036 A.D.1433.“
817 972 1197 1039 continetur
1221 973 1521 1041 z—vobis
1564 975 1979 1057 mandamus,
2043 974 2215 1042 sicut
2274 974 2439 1042 alins
2489 974 2837 1042 mandavi-

735 1076 773 1108 “
817 1096 982 1156 mus,
1036 1073 1215 1161 quod
1268 1075 1541 1142 dilectos
1590 1076 1784 1143 nobis
1833 1078 1909 1142 in
1955 1077 2220 1144 Christo
2271 1099 2450 1144 nunc
2499 1077 2834 1144 Abbatem

740 1180 779 1210 “
823 1176 949 1242 loci
995 1177 1317 1264 praedicti,
1350 1182 1420 1244 et
1454 1179 1714 1244 Priores
1759 1178 2090 1246 Cellarum
2125 1180 2610 1267 praedictarum,
2639 1178 2836 1244 liber-

737 1283 774 1312 “
818 1283 1031 1344 tatem
1080 1280 1466 1365 praedictam
1518 1280 1761 1347 habere
1818 1281 2242 1369 permittatis,
2283 1282 2490 1368 juxte
2542 1286 2836 1347 tenorem

735 1388 773 1415 “
816 1380 1194 1447 litterarum
1255 1388 1324 1449 et
1385 1382 1904 1450 confirmationis
1964 1384 2450 1471 praedictarum,
2510 1387 2582 1450 et
2638 1386 2839 1469 prout

741 1487 779 1516 “
824 1504 972 1547 eam
1031 1482 1272 1549 habere
1332 1484 1599 1563 debent,
1679 1485 1942 1572 ipsique
2013 1489 2084 1552 et
2156 1485 2663 1572 praedecessores
2730 1482 2838 1549 sui

739 1590 776 1618 “
821 1584 1201 1650 libertatem
1266 1585 1451 1651 illam
1517 1609 1559 1651 a,
1621 1591 1918 1673 tempore
1984 1586 2410 1654 confectionis
2476 1585 2835 1652 earundem

737 1690 773 1720 “
819 1707 1074 1772 semper
1120 1687 1440 1753 hactenus
1485 1688 1971 1754 rationabiliter
2023 1688 2263 1755 habere
2306 1694 2836 1768 consueverunt;

739 1792 776 1822 “
819 1788 929 1852 vel
973 1810 1237 1853 causam
1283 1789 1477 1855 nobis
1528 1788 1937 1877 significetis,
1979 1812 2185 1877 quare
2237 1790 2552 1856 mandato
2592 1795 2836 1869 nostro,

736 1893 773 1924 “
818 1890 982 1955 alias
1027 1890 1221 1956 vobis
1288 1889 1445 1957 inde
1511 1891 1783 1972 direct0,
1848 1893 2123 1959 minime
2187 1891 2523 1979 paruistis.
2639 1892 2834 1957 Teste

740 1997 777 2026 “
823 1991 1022 2079 Rege,
1092 1993 1270 2080 apud
1337 1993 2018 2074 westmonasterium,
2099 1992 2666 2081 septimo-decimo
2729 1993 2836 2059 die

762 2094 1144 2174 ‘Octobris‚
1190 2117 1367 2161 anno
1410 2096 1597 2183 regni
1640 2097 1746 2161 sui
1790 2096 2239 2163 duodecimo-’⁹

400 2210 512 2261 The
520 2209 713 2275 Bishop
828 2196 1206 2284 Episcopus,
1250 2197 1373 2264 hoc
1415 2199 1603 2264 brevi
1647 2204 1928 2286 accepto,
1968 2198 2230 2265 distulit
2272 2198 2360 2264 ad
2404 2203 2665 2284 tempus
2709 2196 2842 2282 sig-

397 2276 714 2407 ,131119ξᾷῗῶ
737 2299 1002 2365 nificare
1050 2300 1217 2387 Regi
1261 2323 1521 2367 causam
1582 2323 1786 2387 quare
1833 2301 2054 2367 noluit
2111 2300 2494 2388 permittere
2546 2298 2840 2364 Priorem

398 2425 466 2459 un
436 2408 529 2459 ntil
551 2409 680 2460 aster
727 2401 872 2487 jam
919 2401 1171 2468 dictum
1215 2403 1472 2482 habere,
1509 2403 1710 2491 juxta
1753 2408 2048 2469 tenorem
2089 2403 2417 2489 regiarum
2448 2402 2840 2479 litterarum,

399 2490 656 2592 ξξῗᾝῧ
681 2491 713 2527 ⁸
735 2502 1114 2571 libertatem
1159 2527 1387 2587 suam3
1445 2506 1718 2572 tandem
1781 2512 2026 2586 tamen,
2072 2511 2337 2592 accepto
2383 2504 2575 2570 brevi
2619 2504 2836 2583 tertio,

396 2606 610 2659 Pluries.
734 2606 913 2691 quod
958 2611 1306 2672 vocatur‘
1308 2556 1655 2689 ‘Pluriesff
1715 2629 1803 2674 ne
1867 2606 2188 2674 incideret
2245 2608 2322 2672 in
2365 2611 2835 2693 contemptum,

734 2729 1117 2794 responsum
1179 2709 1452 2776 dederat
1510 2711 1599 2776 ad
1668 2711 1869 2776 breve
1928 2709 2240 2792 medium,
2303 2713 2375 2777 et
2432 2707 2836 2796 significavit

735 2831 997 2876 causam
1041 2833 1249 2893 suam,
1295 2810 1421 2878 sub
1466 2811 1595 2878 hiis
1638 2813 1973 2880 verbis.—

398 2914 561 2966 Cause
827 2920 863 2949 “
884 2912 1451 2980 Excellentissimo
1482 2914 1774 2981 Domino
1803 2918 2031 2981 nostro
2062 2913 2250 3002 Regi,
2282 2935 2421 2989 nos,
2443 2910 2833 2988 Willelmus,

392 2980 707 3115 ἔξζῖῗδξζρ,
733 3022 769 3052 “
813 3015 1239 3102 permissione
1306 3017 1554 3099 divina,
1601 3016 1671 3082 N
1672 3016 2049 3082 orwicensis
2093 3016 2471 3103 Episcopus»,
2515 3015 2586 3079 in
2644 3012 2838 3078 brevi

735 3123 772 3153 “
816 3118 972 3184 huic
1001 3118 1250 3185 cedulae
1282 3123 1560 3185 consuto
1603 3118 2001 3197 nominatus»,
2031 3117 2467 3184 certificemus
2512 3139 2629 3204 per
2673 3140 2837 3206 prae-

733 3224 770 3257 “
813 3226 1031 3286 sentes
1096 3220 1273 3308 quod
1342 3222 1416 3286 in
1478 3220 1974 3289 Convocatione
2040 3220 2464 3307 praelatorum
2539 3224 2609 3286 et
2683 3219 2839 3285 cleri

735 3328 771 3358 “
816 3323 1310 3390 Cantuariensis
1370 3323 1755 3401 Provinciae,
1809 3322 2328 3409 quinto-decimo
2377 3321 2529 3388 ¹die
2595 3322 2840 3387 mensis

735 3431 769 3460 “
819 3425 1227 3513 Septembris
1262 3448 1440 3493 anno
1468 3426 1745 3492 Domini
1788 3425 2138 3491 millesimo
2182 3424 2835 3511 quadringentesimo

734 3532 769 3563 “
815 3528 1146 3598 tricesimo
1191 3529 1497 3611 secundo,
1544 3528 1617 3593 in
1663 3527 1933 3595 ecclesia
1976 3527 2204 3594 Sancti
2252 3527 2446 3592 Pauli
2478 3526 2837 3592 Londoniis

730 3635 771 3667 “
812 3630 1141 3710 inchoata,
1175 3635 1244 3696 et
1288 3652 1494 3717 usque
1539 3631 1612 3695 in
1657 3631 2043 3697 vicesimum
2087 3634 2401 3716 quartum
2445 3628 2623 3694 diem
2667 3628 2838 3715 ejus-

727 3739 766 3767 “
817 3731 964 3796 dem
1012 3732 1257 3796 mensis
1319 3732 1402 3798 de
1462 3732 1694 3798 diebus
1755 3732 1828 3797 in
1888 3733 2029 3799 dies
2086 3732 2490 3812 continuata,
2536 3731 2838 3818 praedicti

731 3841 765 3869 “
814 3833 1075 3920 praelati
1105 3838 1175 3899 et
1216 3833 1426 3901 clerus
1456 3839 1921 3901 concesserunt
1948 3834 2141 3900 vobis
2185 3834 2609 3901 medietatem
2639 3833 2838 3900 unius

727 3941 766 3973 “
814 3936 1092 4024 integrae
1139 3936 1411 4004 decimae
1457 3937 1541 4004 de
1584 3958 1813 4004 eorum
1859 3937 2067 4017 bonis,
2098 3936 2446 4014 beneficiiS,
2478 3941 2549 4002 et
2585 3958 2835 4023 posses-

731 4047 766 4076 “
812 4040 1110 4106 sionibus
1142 4039 1609 4122 ecclesiasticis,
1639 4042 1766 4107 sub
1795 4041 1991 4107 certis
2041 4039 2272 4119 modis,
2319 4039 2836 4127 exceptionibuS,

730 4147 767 4178 “
824 4164 900 4208 ac
944 4142 1447 4228 provisionibus,
1477 4147 1562 4221 et,
1604 4143 1784 4209 inter
1827 4146 2083 4221 coetera,
2129 4142 2269 4217 tali,
2316 4141 2645 4221 videlicet,
2691 4163 2840 4227 pro-

730 4251 770 4280 “
815 4244 1090 4324 visione,
1122 4244 1299 4330 quod
1326 4245 1551 4311 nullus
1580 4245 1886 4312 collector
1914 4243 2112 4313 dictae
2141 4243 2517 4312 medietatis
2547 4243 2837 4322 decimae,

731 4354 767 4384 “
813 4347 918 4412 vel
968 4347 1175 4434 partis
1206 4348 1522 4436 ejusdem,
1559 4348 1997 4436 deputandus,
2031 4347 2311 4414 obtentu
2342 4347 2681 4434 cujusdam
2712 4346 2838 4411 im-

730 4455 767 4486 “
812 4450 1168 4518 munitatis
1197 4456 1317 4517 aut
1345 4450 1695 4540 privilegii,
1727 4450 2011 4519 concessi
2041 4457 2161 4519 aut
2189 4451 2599 4530 concedendi,
2632 4472 2674 4515 a
2702 4450 2835 4515 col-

1624 4668 1937 4722 ¹deinMS.
