3467 5717
755 813 883 877 154
1405 820 1723 873 ANNALES
1768 820 2194 874 MONASTERH

412 1019 551 1073 A.D.
580 1026 723 1073 1423.
752 1018 787 1050 “
833 1011 1077 1080 elusive
1122 1015 1435 1088 cessante,
1483 1010 1663 1076 illius
1707 1010 1849 1075 loco
1915 1009 1990 1075 in
2049 1007 2364 1088 ProfestO,
2411 1008 2551 1077 sive
2594 1010 2864 1099 Vigilia,

754 1124 791 1154 “
838 1114 1171 1182 Passionis
1228 1112 1501 1202 gloriosi
1544 1113 1814 1200 Angliae
1860 1111 1880 1150 ¹
1907 1111 2443 1199 Protomartyris,
2475 1113 2706 1181 Sancti
2750 1116 2868 1181 Al-

751 1228 784 1256 “
828 1219 1004 1296 bani,
1080 1217 1267 1303 cujus
1343 1236 1579 1304 corpus
1652 1216 1794 1282 sive
1852 1215 2151 1301 reliquiae
2225 1216 2301 1281 in
2367 1215 2636 1283 ecclesia
2696 1217 2865 1284 dicti

753 1329 789 1357 “
834 1319 1218 1385 monasterii
1259 1317 1734 1385 venerabiliter
1781 1318 2157 1384 conservari
2195 1317 2651 1402 dinoscuntur,
2686 1319 2861 1406 jeju-

752 1429 789 1458 “
834 1443 993 1489 nare
1037 1425 1410 1503 teneantur,
1458 1425 1528 1487 et
1570 1420 1709 1486 sint
1779 1419 2056 1501 astricti,
2104 1420 2500 1507 praedictum
2545 1420 2860 1508 quoniam

754 1533 787 1561 ‘²
832 1524 1136 1612 generale
1204 1523 1537 1611 jejunium
1609 1522 1684 1588 in
1756 1521 2036 1608 praefata
2097 1523 2454 1589 Dominica
2522 1522 2861 1611 Quinqua-

753 1633 790 1662 “
833 1627 1101 1713 gesimae
1152 1647 1333 1692 more
1377 1624 1572 1692 solito
1631 1646 1841 1712 usque
1884 1624 2062 1691 idem
2113 1625 2359 1692 festum
2409 1626 2861 1693 continuando

754 1735 789 1765 “
834 1729 1016 1795 licite
1083 1728 1371 1816 incipere
1435 1727 1723 1808 valeant,
1771 1728 2125 1794 concedere
2177 1733 2248 1795 et
2312 1728 2656 1816 indulgere
2717 1730 2861 1818 dig-

749 1838 790 1867 “
833 1830 1086 1896 nemini
1145 1830 1478 1917 gratiose3
1525 1829 2139 1897 Constitutionibus
2197 1833 2267 1896 et
2325 1832 2858 1899 ordinationibus

752 1938 788 1969 ‘⁶
832 1932 1244 2020 Apostolicis,
1274 1953 1528 1997 necnon
1571 1931 1847 1998 statutis
1875 1937 1946 1999 et
1974 1933 2558 1999 consuetudinibus
2589 1934 2859 2001 Monas-

748 2040 784 2071 ‘⁶
830 2034 983 2101 terii
1013 2038 1083 2101 et
1105 2033 1378 2102 Ordinis
1407 2033 1894 2120 praedictorum,
1925 2036 2306 2122 caeterisque
2335 2035 2697 2116 contrariis,
2716 2060 2857 2103 non

748 2145 781 2173 “
826 2136 1247 2205 obstantibus
1275 2135 1815 2225 quibuscunque:
1849 2159 2000 2204 cum
2030 2137 2338 2205 clausulis
2366 2136 2394 2178 ²
2411 2140 2855 2228 opportunis?

1223 2430 1538 2503 Secunda
1580 2431 2016 2521 Supplicatio
2060 2431 2363 2501 Abbati-9.

409 2633 610 2685 Second
836 2617 870 2647 “
889 2609 1081 2688 Item,
1123 2607 1503 2675 beatissime
1548 2608 1765 2676 Pater.
1785 2645 1874 2658 —
1893 2606 2065 2675 Cum
2109 2589 2584 2675 monasterium
2627 2632 2854 2698 supra-

405 2700 702 2818 {iffi-’1320
746 2719 785 2750 “
829 2713 1083 2778 dictum
1128 2732 1338 2777 unum
1383 2710 1456 2775 in
1498 2709 1773 2777 civitate
1820 2708 2330 2792 Londoniarum,
2377 2711 2467 2777 ad
2511 2712 2634 2778 hoc
2678 2714 2855 2798 quod

407 2833 494 2883 the
515 2805 606 2884 {ase
627 2834 690 2885 of
745 2820 782 2853 “
826 2814 1073 2896 Abbas,
1107 2817 1178 2879 et
1206 2812 1530 2895 monachi,
1559 2816 1632 2878 et
1660 2811 1813 2879 aliae
1844 2833 2256 2901 quaecunque
2299 2834 2599 2900 personae
2628 2836 2856 2902 supra-

406 2914 437 2949 ⁸
457 2902 681 2963 9⁰³¹³b¹⁶
745 2923 781 2955 “
826 2907 989 2984 dicti
1033 2915 1436 2997 monasterii,
1483 2914 2049 3002 quotienscunque
2092 2916 2240 2982 illos
2281 2915 2351 2980 in
2399 2916 2683 2984 eoclesiae
2710 2918 2854 2984 sive

405 3032 639 3110 Mass31n
745 3029 783 3058 “
823 3020 1014 3109 regni
1057 3019 1341 3108 Angliae,
1373 3023 1495 3085 aut
1522 3017 1807 3105 propriis
1853 3017 2017 3084 dicti
2062 3018 2170 3085 sui
2213 3018 2613 3099 monasterii,
2644 3040 2851 3108 nego-

408 3106 599 3228 0813,ῗῖ
744 3130 782 3162 “
825 3125 956 3203 tiis,
985 3144 1105 3190 seu
1134 3122 1302 3205 aliis,
1332 3121 1489 3188 illuc
1520 3121 1848 3187 declinare
1878 3121 2019 3187 sive
2062 3120 2368 3188 accedere
2397 3120 2749 3210 contingit,
2781 3145 2851 3189 se

402 3230 617 3283 London
743 3232 781 3264 “
824 3225 1014 3310 inibi,
1045 3224 1461 3293 saecularium
1489 3245 1920 3313 personarum
1952 3222 2428 3290 commixtione
2459 3224 2728 3304 seclusa,
2750 3247 2852 3291 re-

401 3364 527 3417 ford.
744 3337 778 3366 “
824 3329 1127 3418 colligere
1170 3327 1471 3416 possint3
1515 3337 1587 3393 et
1631 3326 1814 3392 aliud
1857 3325 1931 3391 in
1976 3324 2441 3392 Universitate
2472 3325 2847 3406 Oxoniensi,

741 3440 778 3469 “
820 3455 940 3520 pro
982 3430 1399 3498 habitatione
1428 3428 1794 3510 Abbatum,
1825 3449 2084 3495 necnon
2112 3427 2581 3496 monachorum
2609 3436 2680 3498 et
2707 3453 2853 3518 per-

742 3540 779 3571 “
822 3556 1133 3600 sonarum
1176 3531 1575 3620 hujusmodi,
1622 3530 1874 3597 ibidem
1932 3552 2051 3618 pro
2112 3535 2411 3620 tempore
2466 3532 2849 3599 litterarum

740 3642 776 3672 “
819 3637 1043 3701 studio
1094 3634 1567 3714 insistentium,
1628 3634 1898 3721 propria
1975 3632 2270 3701 habeant
2330 3633 2637 3722 hospitia,
2706 3635 2849 3701 sive

740 3744 779 3776 “
821 3759 1092 3819 mansa3
1136 3738 1209 3802 in
1270 3759 1549 3823 quorum
1602 3735 1923 3823 quolibet,
1970 3759 2091 3824 pro
2155 3736 2377 3803 Missis
2417 3736 2846 3819 celebrandis,

738 3851 770 3878 “
815 3843 885 3908 et
935 3841 1081 3906 aliis
1128 3840 1299 3905 inibi
1350 3838 1597 3905 divinis
1642 3839 2032 3926 peragendis
2063 3838 2334 3924 officiis,
2371 3837 2659 3926 Capella,
2705 3840 2846 3906 sive

738 3952 774 3982 “
822 3943 1220 4023 Oratorium,
1265 3943 1698 4009 condecenter
1742 3946 1845 4007 est
1887 3946 2180 4008 erectum
2209 3966 2227 4023 ;
2270 3947 2350 4007 ut
2393 3942 2619 4030 igitur,
2649 3942 2848 4009 Pater

738 4055 776 4087 “
819 4048 1077 4130 Sancte,
1122 4045 1459 4135 praedictis
1500 4043 1823 4133 religiosis
1867 4043 2002 4109 illis
2042 4045 2118 4109 in
2145 4042 2393 4110 mansis
2438 4044 2684 4111 eisdem
2726 4066 2848 4132 pro

739 4157 776 4188 “
821 4156 1122 4239 tempore
1150 4147 1609 4230 existentibus,
1639 4148 1728 4214 ad
1756 4147 1902 4213 loca
1931 4147 2065 4213 alia
2093 4168 2213 4234 pro
2243 4145 2626 4234 hujusmodi
2658 4147 2845 4215 audi-

738 4259 778 4290 “
821 4253 1007 4319 endis
1038 4252 1305 4333 divinis,
1337 4256 1535 4338 prout
1563 4250 1886 4337 congruit,
1919 4247 2330 4316 discurrendi
2361 4249 2701 4316 auferatur
2744 4271 2848 4316 oc-

739 4360 780 4392 “
823 4355 996 4419 casio
1018 4378 1113 4421 :-
1132 4353 1461 4441 supplicat
1503 4351 1875 4418 humillime
1915 4373 1995 4418 ac
2039 4352 2281 4418 devote
2325 4351 2680 4439 praedictus
2707 4352 2846 4418 Ab·

736 4463 776 4493 “
817 4457 954 4538 bas,
985 4457 1309 4544 quatenus
1337 4476 1414 4521 ac
1444 4453 1839 4542 supradictis
1883 4454 2023 4520 suis
2066 4453 2561 4539 successoribus,
2594 4458 2673 4522 ut
2700 4453 2845 4542 ipsi,

800 4752 815 4786 ¹
838 4751 1241 4804 Prothomartiris
1261 4752 1317 4802 in
1338 4752 1450 4803 MS.
1769 4748 1783 4817 Ι
1891 4748 1912 4782 ²
1930 4750 2180 4815 oportunis
2198 4748 2255 4801 in
2277 4748 2391 4802 MS.
