3467 5717
1292 842 1538 898 ΒΔΝΟΤΙ
1583 844 1860 899 ALBANI.
2491 835 2622 899 313

516 1035 556 1067 ‘⁸
598 1031 879 1099 lectione
923 1029 1124 1098 dictae
1166 1031 1549 1098 medietatis
1580 1031 1871 1112 decimae,
1902 1033 2012 1099 vel
2054 1034 2264 1121 partis
2308 1033 2620 1120 ejusdem,
2647 1042 2784 1095 AJ).
2815 1046 2959 1093 1433.

518 1140 555 1170 “
598 1137 799 1221 prout
842 1133 1064 1220 ipsum
1115 1134 1525 1201 collectorem
1571 1134 1881 1223 deputari
1934 1136 2309 1224 contigerit,
2361 1137 2623 1223 quovis-

518 1240 555 1270 “
600 1236 796 1302 modo
841 1234 1113 1301 deberet
1158 1236 1471 1303 excusari.
1562 1236 1773 1324 Cujus
1816 1236 2085 1323 quidem
2126 1237 2280 1304 cleri
2309 1244 2527 1325 partes
2557 1243 2626 1304 et

517 1340 556 1372 “
600 1337 898 1402 membra
926 1337 1000 1401 in
1030 1334 1516 1404 Convocatione
1544 1338 1692 1425 ipsa
1720 1337 1995 1405 fuerunt
2015 1337 2245 1405 Abbas
2274 1343 2344 1406 et
2367 1339 2626 1406 Priores

519 1444 556 1474 “
601 1438 677 1504 in
718 1438 908 1504 brevi
951 1440 1264 1522 praesenti
1307 1439 1551 1506 oedulae
1595 1444 1873 1507 consuto
1917 1440 2293 1527 specificati.
2384 1440 2625 1509 Subse-

520 1546 559 1576 “
606 1546 1009 1628 quenterque
1061 1562 1198 1619 vos,
1246 1540 1590 1607 certificati
1637 1540 1722 1607 de
1782 1541 2194 1607 concessione
2245 1549 2627 1622 memorata,

522 1648 559 1678 “
608 1644 802 1710 breve
832 1648 1126 1709 vestrum
1169 1642 1440 1729 regium,
1474 1642 1752 1709 eandem
1798 1644 2081 1709 recitans
2126 1645 2626 1727 concessionem,

521 1750 560 1781 “
604 1746 797 1811 nobis
872 1744 1251 1824 mandastis,
1328 1744 1415 1809 ad
1489 1744 1962 1831 assignandum
2038 1751 2109 1812 et
2168 1746 2626 1834 deputandum

520 1852 558 1883 “
602 1847 857 1933 aliquos
887 1847 1065 1912 viros
1095 1846 1466 1934 fidedignos
1496 1846 1578 1912 de
1608 1847 1781 1913 clero
1809 1852 2054 1914 nostrae
2093 1846 2118 1886 ¹
2137 1847 2474 1930 Dioecesis,
2507 1872 2627 1936 pro

520 1954 558 1985 “
601 1949 841 2035 quibus
870 1948 1264 2036 respondere
1293 1948 1628 2027 vellemus,
1667 1947 1754 2013 ad
1799 1948 2047 2014 dictam
2094 1950 2526 2016 medietatem
2555 1951 2630 2016 in

519 2057 558 2088 “
602 2056 830 2118 nostra
866 2051 895 2089 ⁹
914 2051 1204 2117 Dioecesi
1245 2049 1599 2116 levandam
1644 2054 1715 2116 et
1760 2050 2215 2139 colligendam,
2252 2052 2455 2138 juxta
2498 2053 2633 2119 for-

521 2160 559 2192 “
606 2176 783 2220 mam
815 2153 1246 2220 concessionis
1291 2153 1640 2239 praedictae.
1734 2152 1827 2217 Et
1855 2173 1971 2239 per
2000 2151 2176 2219 idem
2209 2154 2409 2220 breve
2439 2154 2632 2221 nobis

521 2262 560 2293 “
606 2256 1029 2344 praecepistis,
1075 2254 1250 2342 quod
1296 2253 1807 2319 Thesaurarium
1859 2258 1929 2319 et
1977 2255 2268 2322 Bai-ones
2314 2257 2396 2323 de
2443 2257 2634 2324 Sca-c-

521 2365 560 2396 “
605 2359 784 2425 cario
826 2363 1047 2424 vestro
1092 2357 1174 2423 de
1218 2356 1601 2422 nominibus
1646 2378 1875 2422 eorum
1924 2377 2088 2442 quos
2132 2359 2219 2423 ad
2261 2357 2385 2425 hoc
2430 2360 2635 2446 depu-

523 2467 558 2496 “
604 2458 970 2526 taverimus
1035 2457 1587 2537 certificaremus;
1654 2478 1923 2544 nosque,
1988 2458 2231 2524 eisdem
2301 2461 2632 2528 mandatis

523 2570 560 2599 “
608 2562 846 2628 vestris
891 2560 1293 2638 obedientes
1324 2564 1524 2646 prout
1569 2559 1812 2639 decuit,
1843 2559 2134 2626 Priorem
2166 2562 2507 2628 Prioratus
2549 2563 2632 2630 de

525 2670 562 2701 “
608 2664 937 2751 Bynham,
970 2663 1188 2729 virum
1221 2661 1631 2748 fidedignum
1663 2662 1747 2726 de
1778 2661 1947 2728 clero
1978 2668 2219 2729 nostrae
2267 2662 2285 2700 ¹
2315 2663 2632 2732 Dioecesis

526 2773 562 2803 ‘⁴
609 2771 771 2833 tunc
800 2766 1219 2843 existentem,
1253 2768 1322 2829 et
1351 2763 1607 2828 nullum
1639 2763 1864 2843 alium,
1894 2762 2303 2830 collectorem
2336 2766 2632 2851 praefatae

524 2874 560 2906 “
606 2867 983 2935 medietatis
1044 2867 1313 2933 decimae
1373 2865 1447 2929 in
1492 2863 2163 2932 Archidiaconatibus
2207 2866 2503 2934 Norwici
2562 2874 2631 2935 et

527 2976 565 3008 “
610 2969 1056 3048 Norffolchiae‚
1127 2990 1204 3035 ac
1257 2966 1593 3033 Abbatem
1662 2966 1746 3033 de
1807 2966 2153 3052 Leystone‚
2202 2968 2420 3034 virum
2470 2969 2631 3035 fide-

525 3079 564 3111 “
611 3073 888 3161 dignum
927 3071 1007 3137 de
1052 3070 1278 3137 eodem
1326 3068 1501 3135 clero
1546 3069 1853 3134 similiter
1900 3074 2060 3134 tunc
2104 3069 2519 3153 existentem,
2565 3079 2635 3139 et

525 3184 561 3213 “
604 3174 867 3241 nullum
910 3173 1132 3250 alium,
1162 3172 1571 3239 collectorem
1618 3170 1912 3258 ejusdem
1956 3171 2336 3237 medietatis
2366 3173 2633 3243 decimae

526 3284 564 3314 “
607 3277 682 3342 in
700 3275 1364 3342 Archidiaconatibus
1394 3271 1774 3339 Suffolchiae
1805 3277 1874 3338 et
1904 3272 2272 3354 Sudburiae,
2300 3274 2381 3341 de
2405 3276 2632 3342 eadem

528 3386 566 3416 “
610 3378 636 3418 ²
659 3378 946 3445 Dioecesi
976 3382 1221 3457 nostra,
1263 3374 1771 3463 deputavimus3
1827 3397 1904 3440 ac
1947 3375 2029 3441 de
2087 3377 2249 3463 ipsis
2293 3377 2519 3444 Priore
2564 3386 2633 3447 et

528 3488 566 3519 ‘⁴
610 3481 895 3562 Abbate,
942 3484 1011 3546 et
1058 3500 1284 3544 eorum
1331 3476 1729 3555 nominibus,
1771 3475 1975 3563 juxta
2018 3477 2195 3543 idem
2241 3480 2630 3547 mandatum

528 3594 565 3621 “
609 3591 909 3650 vestrum
977 3581 1250 3669 regium,
1310 3580 1818 3646 Thesaurarium
1878 3585 2175 3646 vestrum
2236 3581 2502 3669 Angliae
2562 3590 2633 3651 et

526 3691 563 3722 ‘⁴
610 3687 902 3751 Barones
947 3685 1033 3751 de
1075 3682 1415 3751 Scaccario
1444 3686 1668 3747 vestro
1711 3681 2232 3762 certificavimus,
2282 3685 2401 3751 diu
2443 3691 2630 3753 ante-

528 3793 566 3823 “
611 3809 811 3874 quam
856 3786 1126 3874 aliquod
1175 3786 1375 3851 breve
1420 3789 1734 3864 vestrum,
1789 3785 2136 3852 materiam
2196 3787 2417 3853 brevis
2461 3810 2630 3875 prae-

527 3897 562 3926 “
608 3889 908 3956 sentibus
974 3888 1237 3955 consuti
1299 3908 1713 3965 concernens,
1788 3887 1982 3953 nobis
2056 3887 2413 3955 liberatum
2486 3891 2630 3957 fuit.

528 3996 564 4028 “
609 3990 792 4057 Ante
835 4013 1037 4078 quam
1084 3989 1621 4058 certificationem
1668 3989 1862 4054 vobis
1905 4010 2022 4076 per
2068 4011 2190 4055 nos
2236 3990 2329 4057 sic
2368 3990 2632 4074 factam,

529 4101 566 4132 “
612 4115 732 4160 nec
776 4092 1007 4159 Abbas
1036 4092 1267 4159 Sancti
1294 4090 1562 4171 Albani,
1593 4111 1715 4156 nec
1746 4091 1987 4177 aliquis
2018 4091 2322 4157 Priorum
2352 4091 2426 4156 in
2459 4092 2636 4160 dicto

531 4200 569 4234 “
612 4195 823 4273 brevi,
895 4194 1333 4283 praesentibus
1406 4197 1699 4274 consut0,
1781 4188 1807 4228 ³
1823 4191 2363 4279 specificatorum‚
2423 4215 2638 4282 neque

531 4302 569 4334 “
615 4297 858 4385 aliquis
903 4320 989 4365 ex
1032 4303 1223 4387 parte
1267 4296 1643 4376 eorundem,
1677 4300 1800 4361 aut
1829 4316 1950 4382 pro
1981 4295 2092 4376 eiS,
2122 4295 2232 4363 vel
2261 4319 2379 4383 pro
2412 4320 2636 4366 eorum

533 4409 568 4439 “
611 4401 852 4488 aliqu0,
899 4401 1093 4468 nobis
1137 4421 1433 4489 unquam
1489 4398 1897 4465 monstravit
1941 4399 2200 4484 aliquas
2243 4400 2507 4468 litteras
2552 4404 2636 4470 de

530 4512 566 4542 “
610 4503 1019 4571 concessione
1063 4525 1179 4570 seu
1224 4503 1718 4570 confirmatione
1748 4500 2083 4567 libertatis
2111 4503 2185 4567 in
2215 4502 2396 4570 dicto
2423 4505 2633 4588 brevi,

595 4692 1081 4748 mamimus
1576 4691 1599 4834 ¹
1688 4688 2194 4757 ‘metientium

595 4770 1058 4861 anso-:asinus
