3467 5717
1373 818 1616 871 smcn
1660 819 1936 873 Anum.
2583 808 2713 878 173

609 1009 646 1037 “
688 1006 876 1068 entes
915 1006 998 1071 et
1042 1003 1340 1090 legentes
1391 1005 1826 1092 cognovimus
1876 1009 1945 1071 et
1991 1003 2080 1071 ab
2128 1003 2287 1091 ipsis
2316 1009 2385 1072 et
2413 1026 2455 1070 a
2481 1007 2707 1072 vestro
2732 1024 2871 1078 ΑΒ.
2901 1031 3044 1080 1422.

608 1110 644 1138 “
689 1105 1182 1171 Ambassiatore
1211 1127 1621 1193 quaecunque
1649 1107 1849 1173 nobis
1872 1109 2013 1195 ipse
2042 1107 2234 1172 dixit,
2324 1107 2433 1172 Ad
2461 1107 2709 1194 primos

607 1213 642 1255 ἒ*
689 1205 708 1243 ¹
733 1207 1003 1293 quidem
1063 1207 1205 1293 ejus
1251 1228 1601 1286 sermones,
1644 1209 1762 1295 qui
1812 1208 1948 1273 fere
1988 1208 2072 1273 in
2120 1229 2375 1273 summa
2417 1208 2706 1286 fuerunt,

606 1315 641 1343 “
686 1308 867 1395 quod
910 1306 938 1347 ²
958 1312 1201 1375 vestrae
1246 1309 1607 1376 Sanctitati
1637 1330 1725 1375 ex
1752 1315 1944 1397 parte
1988 1307 2017 1346 ³
2033 1315 2267 1376 nostra
2311 1311 2486 1376 dixit
2534 1309 2563 1349 ⁴
2585 1311 2708 1376 Ni-

606 1418 640 1459 ‘-‘
687 1410 910 1476 colans
969 1411 1338 1477 Eudaemon
1403 1415 1473 1476 et
1548 1410 1984 1477 Reverendu's
2037 1411 2400 1498 Episcopus
2462 1411 2708 1490 Olenis,

608 1518 644 1565 ‘·‘
690 1511 1089 1593 Theodorus,
1120 1513 1295 1599 quod
1326 1512 1629 1578 volumus
1656 1513 1968 1578 unionem
1999 1512 2388 1599 simpliciter
2432 1511 2460 1548 ⁵
2477 1535 2715 1580 secun-·

608 1619 646 1647 “
692 1613 851 1678 dum
911 1613 1276 1679 Romanam
1329 1612 1702 1691 Ecclesiam,
1731 1610 1911 1679 “non
1960 1613 2092 1679 fuit
2141 1614 2331 1700 qnasi
2384 1634 2551 1702 opus
2603 1638 2704 1681 re-

608 1720 644 1748 “
687 1714 1018 1801 spondere,
1111 1714 1243 1780 Sed
1293 1715 1608 1801 quoniam
1657 1714 2118 1802 respondimus
2158 1716 2286 1802 ipsi
2318 1715 2703 1782 Ambassia-

601 1823 636 1850 “
679 1817 807 1882 tori
854 1816 941 1881 ad
991 1816 1286 1894 verbum,
1336 1838 1380 1882 a
1427 1838 1560 1903 quo
1607 1815 1945 1883 Sanctitas
1992 1822 2219 1883 vestra
2265 1817 2349 1885 de
2397 1819 2705 1884 omnibus

604 1922 638 1951 “
682 1922 1042 2004 cognoscet,
1088 1916 1492 1984 affirmamus
1539 1918 1765 1995 etiam,
1814 1915 1839 1958 '¹
1862 1924 1933 1984 et
1982 1940 2102 2006 per
2151 1925 2412 1986 nostras
2438 1920 2702 1986 litteras

604 2024 638 2052 “
683 2017 709 2057 ⁸
726 2041 1048 2106 expresse,
1079 2019 1260 2106 quod
1310 2040 1449 2085 non
1499 2020 1717 2085 solum
1761 2017 1790 2058 ⁹
1811 2019 1943 2085 illis
1993 2020 2247 2107 aliquid
2279 2021 2413 2087 tale
2440 2022 2709 2088 commi-

604 2127 640 2154 “
686 2121 913 2202 simus,
943 2121 1060 2187 sed
1104 2142 1318 2208 neque
1363 2121 1635 2187 omnino
1687 2143 1985 2207 imquam
2027 2118 2081 2159 ²⁰
2100 2122 2176 2186 in
2223 2128 2448 2188 mente
2493 2122 2711 2189 dicere

604 2229 641 2256 “
688 2222 1087 2304 habuimus3
1153 2222 1267 2289 sed
1330 2225 1507 2310 quod
1568 2223 1947 2310 scripsimus
2004 2223 2078 2288 in
2138 2224 2383 2290 nostris
2441 2224 2706 2305 litteris,

604 2332 639 2358 ‘⁴
687 2325 871 2391 istud
916 2332 986 2391 et
1028 2347 1165 2392 non
1195 2325 1379 2391 aliud
1423 2325 1640 2391 nostri
1684 2323 2196 2391 ambassiatores
2244 2323 2295 2363 ¹¹
2318 2326 2700 2414 impositum

603 2432 640 2460 “
687 2426 1086 2506 habuerunt,
1135 2424 1188 2465 ¹²
1207 2426 1528 2513 ampliare
1569 2432 1642 2491 et
1685 2425 1739 2464 ¹³
1757 2426 2101 2493 enucleare
2129 2428 2417 2516 propriis
2460 2450 2705 2494 sermo·

602 2535 640 2563 “
683 2527 900 2609 nibu3‚
947 2527 1275 2609 videlicet,
1318 2528 1465 2594 fieri
1511 2527 1884 2594 Concilium
1929 2529 2301 2597 universale
2343 2531 2703 2596 secundum

605 2636 641 2665 “
686 2630 981 2697 ordinem
1047 2635 1117 2696 et
1178 2630 1724 2697 consuetudinem
1770 2636 2147 2697 sanctorum
2193 2630 2246 2671 ¹4
2260 2654 2377 2698 sex
2439 2633 2703 2698 univer·

605 2741 639 2769 ‘⁶
682 2732 918 2798 salium
994 2731 1455 2810 Consiliorum,
1533 2737 1604 2798 et
1677 2733 1851 2819 quod
1933 2732 2318 2800 concesserit
2410 2734 2700 2822 Spiritus

605 2841 639 2871 ‘⁶
682 2833 962 2902 Sanctus
1030 2834 1117 2900 ad
1183 2856 1427 2922 pacem,
1475 2834 1657 2901 istud
1722 2834 1987 2901 firmare
2048 2840 2118 2902 et
2178 2840 2419 2905 tenere.
2510 2837 2702 2904 Circa

602 2945 636 2973 ‘⁶
680 2958 1006 3003 sermones
1071 2943 1295 3004 autem
1356 2936 1566 3024 ipsius
1626 2936 1935 3025 Magistri
1999 2936 2283 3004 Antonii
2345 2939 2699 3004 ambassia-

601 3048 633 3074 “
679 3038 863 3120 toris,
907 3043 1060 3127 post
1100 3037 1153 3076 ¹⁵
1167 3038 1326 3119 haec,
1358 3038 1536 3125 quod
1582 3039 1892 3125 quaesivit
1936 3061 2319 3127 cognoscere
2364 3040 2598 3122 locum,
2630 3045 2700 3106 et

602 3148 637 3174 “
682 3140 965 3218 modum,
1010 3143 1081 3206 et
1122 3145 1383 3228 tempus
1429 3140 1709 3207 Concilii
1730 3141 2327 3228 ;-respondemus,
2397 3140 2482 3206 de
2555 3141 2699 3207 loco

602 3247 639 3277 “
682 3241 974 3328 quidem,
1042 3239 1095 3279 ¹⁶
1111 3240 1735 3329 Constantinopolis,
1790 3263 1943 3307 cum
1988 3241 2336 3329 imperium
2396 3247 2700 3308 nostrum

602 3349 641 3379 “
685 3344 760 3408 in
823 3342 1138 3431 praesenti
1197 3365 1412 3431 neque
1471 3345 1802 3431 aptiorem
1846 3342 2054 3409 alium
2104 3343 2324 3415 locum
2369 3341 2420 3385 ¹⁷
2439 3343 2701 3426 habeat,

599 3452 635 3483 “
678 3466 890 3533 neque
933 3447 1268 3534 possemus
1296 3446 1394 3511 ire
1423 3446 1574 3526 alic,
1606 3451 1879 3535 propter
1906 3445 2363 3523 necessitatem
2394 3443 2446 3484 ¹⁸
2462 3465 2698 3525 rerum3

665 3756 683 3790 ¹
709 3756 932 3809 Omitted
950 3757 1005 3807 in
1026 3756 1113 3809 the
1140 3756 1382 3809 concilia.
1691 3758 1777 3811 the
1803 3758 2048 3810 Concilio.

663 3836 685 3868 ²
707 3844 881 3887 vestr-a·
911 3837 1168 3887 sanctitati
1188 3836 1399 3888 omitted
1432 3836 1484 3887 in
1518 3836 1602 3888 the
1757 3837 1779 3872 ⁹
1801 3838 2021 3890 Omitted
2044 3838 2098 3889 in
2121 3838 2207 3890 the
2235 3835 2476 3889 concilia.

603 3915 839 3967 Concilio.
1495 3968 1502 3974 ,
1758 3917 1797 3950 ¹⁰
1818 3918 1977 3982 ipsun
1997 3918 2050 3967 in
2074 3916 2160 3968 the
2188 3916 2429 3968 concilia.

660 3993 683 4026 ³
701 4011 808 4046 mea
829 3996 957 4046 dixit
977 3996 1031 4046 in
1051 3995 1139 4047 the
1164 3994 1402 4046 Concilio.
1759 3995 1794 4029 ¹¹
1817 3997 1870 4045 ιἰι
1903 4002 2149 4060 proteram
2168 3995 2223 4044 in
2259 3994 2400 4054 Ms.;
2435 3996 2696 4046 corrected

660 4073 682 4104 ⁴
705 4073 1014 4125 nihilominus
1054 4073 1434 4125 Ardowomanes
1467 4073 1603 4123 miles
1689 4074 1823 4124 from
1844 4075 1931 4125 the
1959 4073 2203 4126 Concilio.

595 4152 646 4202 in
691 4152 839 4215 MS.;
876 4154 1129 4205 corrected
1173 4153 1305 4204 stom
1346 4154 1433 4204 the
1474 4152 1602 4204 Cou-
1757 4151 1798 4185 ¹²
1820 4151 2016 4216 implere
2036 4150 2158 4202 etin
2182 4150 2269 4201 the
2295 4149 2539 4200 Concilio.

592 4231 726 4282 eilia.
1759 4228 1799 4263 ¹³
1819 4229 2062 4281 enucliare
2081 4230 2135 4280 in
2157 4227 2273 4280 MS.

664 4310 686 4343 ὅ
707 4328 813 4361 σιω
855 4310 1086 4363 Romana
1129 4310 1364 4363 Ecclesia
1421 4308 1473 4361 in
1515 4312 1602 4363 the
1757 4309 1798 4342 ¹⁴
1817 4318 1992 4375 septem
2013 4309 2070 4360 in
2090 4310 2177 4362 the
2204 4308 2446 4360 Concilio.

598 4389 836 4442 Cmm'lia.
1757 4387 1796 4422 ²³
1819 4387 1907 4438 hoc
1927 4388 1982 4438 in
2002 4389 2090 4439 the
2117 4386 2360 4440 eoncilia.

660 4469 684 4501 ⁸
705 4468 832 4521 This
870 4470 972 4521 and
1010 4469 1100 4521 the
1137 4477 1264 4521 next
1300 4468 1417 4520 four
1440 4469 1602 4519 words
1761 4464 1799 4499 ¹⁸
1827 4465 2289 4531 commatis-opum
2331 4465 2385 4514 in
2418 4466 2504 4516 the
2555 4467 2684 4517 Con-

591 4560 678 4598 are
699 4547 908 4600 omitted
928 4548 985 4599 in
1006 4548 1097 4600 the
1125 4547 1368 4600 concilia.
1687 4545 1823 4597 cilia.
2220 4520 2261 4563 ⁸

657 4625 681 4664 7
704 4625 926 4680 Omitted
946 4627 1001 4677 in
1021 4628 1108 4679 the
1135 4627 1377 4679 Concilia-
1756 4623 1799 4662 ¹⁷
1821 4621 1966 4677 habet
1984 4623 2036 4673 in
2058 4622 2144 4674 the
2172 4621 2412 4674 concilia.

656 4705 680 4737 ⁸
701 4722 764 4755 ea·
777 4707 996 4773 partein
1021 4706 1134 4759 MS.
1155 4728 1170 4769 ς
1195 4706 1451 4759 corrected
1467 4705 1599 4758 from
1757 4702 1800 4736 ¹⁸
1833 4701 2005 4758 Verum
2027 4701 2079 4753 in
2101 4701 2190 4753 the
2216 4700 2460 4754 cona-itia.
