3467 5717
1297 852 1544 907 sANc'n
1590 852 1863 905 ALBAm.
2512 840 2643 905 303

543 1052 581 1079 “
627 1048 644 1078 ‘
674 1041 852 1129 quod
894 1040 1120 1106 nullus
1164 1039 1469 1106 collector
1513 1039 1711 1107 dictae
1771 1037 2151 1105 medietatis
2202 1037 2486 1116 decimes,
2532 1040 2652 1103 aut
2675 1042 2988 1102 A·1>·¹⁴⁸¹‚2·

507 1153 577 1187 -“
625 1153 639 1181 ‘
671 1146 880 1232 partis
926 1142 1152 1230 ipsius,
1198 1142 1638 1229 deputandae,
1684 1140 1710 1181 ¹
1730 1141 2013 1209 obtentu
2071 1138 2362 1228 cujusvis
2413 1142 2653 1207 immu-

542 1257 576 1286 “
626 1255 640 1282 ‘
672 1246 912 1313 nitatis
957 1250 1079 1311 aut
1124 1245 1459 1332 privilegii
1503 1244 1671 1331 regii
1717 1243 1792 1310 in
1846 1267 1927 1311 ea
1969 1249 2161 1330 parte
2200 1244 2502 1322 concessi,
2532 1248 2651 1309 aut

545 1358 581 1387 “
629 1356 647 1384 ‘
678 1348 1096 1426 concedendi,
1141 1366 1184 1413 a.
1242 1347 1622 1413 collectione
1682 1347 1879 1413 dictae
1932 1347 2309 1413 medietatis
2367 1346 2656 1423 decimae,

544 1463 579 1490 “
628 1460 644 1488 ⁸
677 1453 787 1519 vel
829 1450 1040 1539 partis
1085 1450 1395 1536 ejusdem,
1441 1455 1644 1536 prout
1702 1450 1922 1536 ipsum
1981 1449 2393 1515 collectorem
2454 1450 2656 1537 depu-

546 1563 582 1593 “
631 1563 647 1594 ‘
677 1556 811 1622 tari
856 1553 1227 1641 contigerit,
1275 1553 1709 1639 quovismodo
1771 1553 2010 1619 debeat
2054 1554 2402 1633 excusari;
2466 1552 2660 1617 vobis

547 1666 584 1695 “
635 1667 651 1693 ‘
681 1657 1070 1723 mandamus
1137 1655 1314 1741 quod
1376 1654 1635 1740 aliquos
1679 1654 1862 1721 viros
1927 1652 2300 1741 fidedignos
2345 1655 2427 1720 de
2487 1654 2659 1719 clero

550 1767 586 1797 “
633 1767 649 1796 ‘
680 1766 920 1826 vestrae
951 1756 1325 1835 ²Dioecesis,
1357 1776 1477 1844 pro
1507 1757 1753 1842 quibus
1781 1758 2173 1845 respondere
2203 1755 2568 1837 volueritis,
2600 1762 2658 1821 et

546 1871 582 1900 ‘⁸
632 1872 648 1897 ‘
678 1860 1107 1930 eceteral—-N
1111 1882 1184 1926 os
1228 1860 1452 1946 igitur,
1484 1860 1784 1926 volentes
1829 1861 2160 1927 mandatis
2204 1860 2403 1948 regiis
2431 1878 2658 1946 supra-

551 1971 587 2000 “
633 1965 913 2052 scriptis,
957 1967 1161 2050 prout
1206 1963 1416 2043 decet,
1462 1961 1536 2027 in
1579 1962 1892 2028 omnibus
1936 1962 2407 2050 obtemperare,
2452 1965 2523 2027 et
2585 1982 2662 2026 ea

552 2075 587 2104 “
633 2069 873 2155 exequi
933 2069 1135 2152 juxta
1195 2066 1389 2144 vireS,
1436 2065 1523 2130 ad
1567 2062 1952 2152 petendum,
1997 2066 2372 2145 levandum,
2419 2069 2489 2130 et
2533 2064 2662 2130 col·

551 2179 581 2205 “
635 2170 996 2257 ligendum,
1044 2173 1113 2234 et
1158 2166 1626 2255 recipiendum,
1676 2166 1923 2234 dictam
1985 2169 2413 2234 medietatem
2463 2167 2664 2232 unius

552 2280 587 2309 “
634 2274 916 2358 integrae
962 2271 1253 2350 decimae,
1293 2270 1374 2334 de
1417 2268 1630 2351 bonis,
1661 2269 2016 2351 beneficiis,
2050 2275 2120 2335 et
2148 2270 2664 2357 possessionibus

552 2381 588 2411 ‘⁴
635 2372 1110 2453 ecclesiasticis,
1164 2372 1232 2435 in
1290 2371 1956 2438 Archidiaconatibus
2018 2373 2332 2460 Norwyci
2377 2377 2447 2437 et
2492 2372 2560 2436 N
2562 2394 2664 2437 or-

552 2483 589 2514 “
634 2476 948 2555 folochiae,
981 2480 1227 2540 nostrae
1257 2473 1284 2510 ⁹
1303 2473 1641 2552 Dioecesis,
1671 2475 1939 2553 taxatis,
1972 2479 2041 2541 et
2069 2476 2154 2541 ad
2186 2477 2504 2542 decimam
2535 2477 2663 2541 sol-

555 2585 591 2614 “
637 2598 792 2644 vere
837 2575 1204 2656 consuetis3
1246 2593 1504 2641 necnon
1548 2576 1629 2642 de
1674 2572 2135 2663 dignitatibus,
2183 2576 2661 2665 personatibus,

556 2684 593 2719 “
639 2678 866 2748 officiis
933 2678 1289 2767 perpetuis,
1332 2677 1545 2761 bonis,
1591 2674 1944 2758 beneficiis,
2012 2682 2081 2746 et
2147 2678 2664 2766 possessionibus

554 2791 588 2821 ‘⁸
634 2778 1101 2860 ecclesiasticis,
1146 2782 1220 2846 in
1266 2776 1463 2847 dictis
1508 2778 2195 2861 Archidiaconatibus,
2225 2802 2362 2849 non
2392 2783 2662 2865 taxatis,

556 2890 592 2923 ‘³
637 2907 759 2953 nec
800 2884 889 2951 ad
947 2880 1266 2951 decimam
1326 2883 1578 2950 solvere
1624 2884 1970 2963 consuetiS‚
2018 2884 2378 2951 secundum
2423 2906 2658 2952 ,verum

558 2998 590 3025 ‘⁸
638 2990 924 3055 valorem
959 2980 1333 3067 eorundem,
1364 3006 1481 3073 per
1513 3007 1632 3052 nos
1662 2982 1734 3051 in
1769 2984 2001 3052 cedula
2043 2986 2173 3053 hiis
2217 3008 2478 3054 annexa
2508 3008 2662 3055 con-

561 3099 598 3128 “
643 3088 903 3179 scriptis
946 3095 1016 3155 et
1059 3088 1424 3168 aestimatis,
1472 3094 1542 3155 et
1588 3086 1671 3154 de
1715 3086 1942 3155 eadem
1992 3089 2349 3157 medietate
2395 3092 2666 3158 decimae

563 3202 599 3232 “
645 3192 931 3259 Domino
975 3198 1202 3259 nostro
1247 3190 1416 3279 Regi
1460 3191 1533 3255 in
1580 3190 1799 3263 Festis
1843 3188 1916 3257 in
1958 3193 2134 3259 dicto
2178 3193 2367 3260 brevi
2412 3194 2668 3282 specifi-

558 3304 595 3334 “
641 3296 826 3375 catis,
881 3290 1088 3383 juxta
1131 3295 1291 3377 vim,
1343 3294 1641 3377 formam,
1706 3297 1778 3361 et
1846 3292 2170 3375 effectum,
2239 3296 2668 3363 concessionis

563 3406 598 3436 “
645 3398 936 3487 ejusdem
982 3394 1367 3465 medietatis
1413 3394 1701 3476 decimae,
1747 3396 2033 3464 fideliter
2093 3397 2617 3487 respondendum
2650 3426 2665 3482 ;

563 3508 599 3538 ‘¹
644 3522 1072 3589 censurasque
1117 3496 1584 3567 ecclesiasticas
1627 3512 2048 3588 quascunque
2093 3506 2323 3567 contra
2366 3522 2500 3569 non
2546 3498 2670 3569 sol-

565 3606 601 3640 '‘
645 3608 880 3671 ventes
924 3604 1140 3691 ipsam
1205 3600 1631 3669 medietatem
1693 3600 1982 3684 decimae,
2049 3624 2164 3670 seu
2212 3626 2356 3672 eam
2417 3606 2668 3673 solvere

563 3716 598 3745 “
647 3706 927 3773 nimium
973 3704 1354 3787 deferente8‚
1387 3704 1445 3771 si
1490 3728 1651 3794 opus
1695 3704 1914 3789 fuerit,
1962 3708 2268 3775 canonice
2312 3700 2667 3776 fulminan-

568 3818 602 3846 “
650 3806 829 3889 dum,
863 3814 933 3875 et
962 3831 1071 3875 eos
1102 3808 1185 3874 ad
1232 3806 1625 3875 solutionem
1670 3809 1962 3897 ejusdem
1993 3810 2369 3879 medietatis
2400 3814 2670 3880 decimae

568 3920 602 3949 “
648 3911 943 4000 legitime
989 3908 1508 3998 compellendum
1539 3934 1556 3993 ;
1616 3918 1982 4001 caeteraque
2028 3916 2252 3980 omnis
2296 3922 2365 3981 et
2410 3912 2673 4004 singula.

568 4022 603 4051 “
651 4038 799 4102 quae
842 4015 919 4079 in
962 4010 1343 4101 hujusmodi
1373 4014 1774 4081 collectionis
1819 4018 2084 4104 negotio
2130 4016 2489 4083 necessaria
2532 4019 2671 4083 fue-

569 4124 602 4156 “
649 4119 808 4199 rint,
853 4139 969 4184 seu
1014 4118 1214 4184 etiam
1259 4116 1287 4156 ³
1304 4121 1693 4205 opportuna,
1737 4116 2131 4200 faciendum,
2174 4118 2204 4158 ⁴
2224 4120 2674 4200 exercendum,

566 4230 603 4258 “
649 4220 1148 4308 expediendum,
1179 4242 1255 4285 ac
1300 4219 1798 4300 decernendum,
1829 4226 1898 4288 et
1942 4242 2021 4286 ea
2064 4244 2211 4308 quae
2255 4220 2676 4289 decreveritis

569 4332 603 4362 ‘⁸
647 4324 719 4389 in
750 4324 874 4389 hac
900 4328 1090 4411 parte
1119 4318 1412 4411 legitime
1460 4322 1917 4411 exequendum
1941 4320 2255 4406 3—vobis,
2286 4322 2367 4392 de
2399 4347 2676 4412 quorum

570 4437 603 4465 ‘⁸
648 4424 982 4494 industria
1025 4425 1431 4507 confidimus,
1461 4431 1531 4494 et
1570 4425 1916 4510 fidelitate,
1948 4424 2209 4516 plenam
2253 4433 2481 4496 tenore
2512 4452 2678 4519 prae·

639 4669 655 4703 ¹
680 4676 877 4737 optentu
899 4670 955 4721 in
976 4668 1089 4723 MS.
1719 4671 1743 4706 ⁸
1763 4680 2007 4739 oportuna
2027 4672 2080 4723 in
2100 4673 2214 4726 MS.

640 4749 663 4784 ²
684 4741 923 4802 Diocest's
943 4749 1002 4802 in
1024 4750 1139 4804 MSa
1602 4814 1607 4819 ‚
1718 4751 1740 4784 ⁴
1764 4751 2102 4805 excercendmn
2122 4753 2178 4805 in
2199 4752 2312 4807 MS.
