3467 5717
850 792 981 856 384
1514 804 1830 856 Ain-mnus
1874 801 2299 857 rioms-mnu

511 1009 647 1061 AD.
679 1015 819 1063 1435.
847 995 888 1028 “
931 992 1406 1080 Apostolicum,
1450 994 1591 1059 sive
1640 994 1936 1061 Litteras
1984 994 2488 1082 Compulsorias,
2525 1014 2718 1059 sanas
2746 999 2816 1059 et
2859 995 2963 1058 in-

846 1100 881 1130 ⁴‘
927 1099 1163 1182 tegras,
1214 1097 1524 1182 omnique
1570 1096 1742 1163 vitio
1787 1103 1859 1163 et
1902 1098 2174 1163 sinistra
2235 1097 2601 1184 suspicione
2649 1102 2959 1174 carentes,

846 1201 882 1232 “
927 1197 1146 1285 sigillo
1191 1203 1414 1265 vestro
1458 1198 1762 1288 oblong0,
1809 1205 1888 1266 ut
1933 1199 2262 1287 apparuit,
2294 1200 2365 1265 in
2402 1221 2551 1266 cera
2593 1199 2761 1279 alba,
2807 1220 2958 1264 cum

844 1308 878 1334 “
926 1321 1074 1366 cera
1139 1301 1344 1367 rubea
1410 1302 1691 1368 interius
1742 1304 2073 1388 impressa,
2119 1302 2460 1389 sigillatas,
2502 1322 2580 1367 ac
2638 1302 2826 1388 signo
2884 1306 2959 1366 et

846 1407 883 1436 “
928 1403 1407 1491 subscriptione
1472 1403 1780 1491 Magistri
1847 1404 1915 1469 N
1915 1403 2111 1470 icolai
2180 1403 2523 1485 Gherardi,
2592 1403 2675 1469 de
2730 1402 2959 1469 Schic-

845 1511 881 1539 “
925 1505 1097 1586 dam,
1129 1505 1345 1571 clerici
1386 1505 1818 1591 Trajectensis
1847 1504 1874 1544 ¹
1897 1505 2235 1587 Dioecesis,
2269 1505 2546 1587 Publici,
2575 1505 2957 1592 Apostolica

840 1614 876 1640 “
921 1612 991 1673 et
1021 1606 1360 1694 Imperiali
1388 1607 1920 1687 auctoritatibus,
1953 1607 2237 1690 Notarii,
2263 1607 2498 1674 scribae
2527 1609 2757 1688 vestri,
2779 1629 2955 1673 com-

839 1712 875 1743 “
920 1709 1233 1788 munitas,
1281 1732 1400 1797 per
1455 1709 1815 1777 discretum
1874 1710 2115 1792 virum,
2170 1710 2563 1798 Magistrum
2626 1709 2675 1775 J
2676 1709 2954 1775 acobum

838 1813 876 1844 “
920 1808 1098 1890 Cole,
1144 1809 1468 1893 clericum,
1500 1811 1981 1877 venerabilium
2029 1817 2098 1879 et
2151 1811 2603 1900 religiosorum
2634 1811 2951 1891 virorum,

836 1914 874 1947 “
920 1909 1361 1977 Dominorum
1390 1912 1677 1980 Abbatis
1707 1919 1778 1980 et
1809 1912 2198 1980 Conventus
2227 1914 2524 2000 exempti
2557 1912 2949 1979 Monasterii

838 2017 875 2047 “
922 2012 1152 2079 Sancti
1196 2012 1465 2097 Albani,
1498 2014 1768 2080 Ordinis
1812 2014 2043 2081 Sancti
2074 2014 2437 2097 Benedicti,
2471 2014 2948 2082 Lincolniensis

839 2121 877 2153 “
923 2113 944 2153 ¹
972 2116 1305 2197 Dioecesis,
1352 2122 1424 2183 et
1465 2116 1870 2183 honorabilis
1929 2117 2079 2200 viri,
2126 2117 2398 2184 Domini
2457 2116 2734 2184 Henrici
2778 2118 2947 2183 Bur-

837 2226 874 2258 “
919 2220 1189 2302 wasshe,
1234 2219 1483 2287 Vicarii
1526 2221 1826 2308 perpetui
1873 2221 2178 2288 Ecclesiae
2225 2220 2622 2288 Parochialis
2666 2221 2749 2289 de
2780 2221 2949 2287 Rik-

836 2328 873 2359 “
916 2322 1363 2404 mersworthe,
1411 2322 1702 2410 ejusdem
1749 2323 2227 2390 Lincolniensis
2271 2322 2298 2362 ¹
2319 2324 2653 2404 Dioecesis,
2714 2345 2943 2412 procu·

834 2434 869 2463 “
914 2430 1219 2507 ratorem,
1266 2425 1718 2513 procuratoria
1763 2448 1901 2505 sua,
1947 2448 2175 2507 unum,
2221 2426 2550 2508 videlicet,
2580 2448 2701 2515 pro
2748 2427 2945 2493 dictis

834 2531 869 2563 “
913 2527 1181 2593 Abbate
1213 2533 1285 2593 et
1313 2527 1686 2607 Conventu,
1715 2528 1936 2616 sigillo
1980 2551 2205 2596 eorum
2235 2551 2538 2596 commun
2546 2531 2591 2610 i,
2637 2552 2715 2596 ac
2758 2529 2940 2595 aliud

833 2634 870 2667 “
912 2650 1035 2716 pro
1081 2629 1262 2695 dicto
1307 2629 1596 2697 Domino
1641 2629 1938 2698 Henrico
1982 2632 2393 2709 Burwasshe,
2439 2631 2660 2720 sigillo
2703 2631 2943 2698 Archi-

833 2737 869 2768 “
914 2730 1298 2797 diaconatus
1358 2732 1571 2799 nostri
1633 2732 1978 2812 Roffensis,
2031 2733 2411 2822 sigillatum,
2470 2754 2684 2801 coram
2744 2733 2943 2799 nobis

834 2838 871 2871 “
914 2834 1182 2901 realiter
1202 2834 1695 2922 producentem,
1715 2836 1984 2902 nomine
2002 2836 2450 2924 procuratorio
2474 2836 2939 2924 praedictorum

830 2941 866 2974 “
912 2935 1350 3003 Dominorum
1395 2936 1684 3003 Abbatis
1745 2943 1816 3004 et
1874 2937 2279 3020 Conventus,
2326 2942 2397 3004 et
2440 2938 2599 3004 dicti
2658 2937 2941 3003 Domini

834 3043 870 3074 “
916 3038 1213 3119 Henrici,
1256 3037 1524 3121 Vicarii,
1571 3038 1766 3105 nobis
1810 3044 2264 3127 praesentatas,
2295 3039 2606 3106 vicesimo
2650 3039 2941 3105 secundo

829 3148 866 3179 “
913 3141 1021 3207 die
1067 3140 1308 3207 mensis
1339 3140 1587 3222 Martii,
1622 3162 1798 3207 anno
1845 3141 2137 3221 Domini,
2167 3142 2529 3209 secundum
2573 3163 2837 3208 cursum
2868 3145 2940 3207 et

832 3247 868 3277 “
914 3244 1474 3331 computationem
1521 3241 1828 3309 Ecclesiae
1872 3244 2279 3332 Anglicanae,
2322 3243 2675 3310 millesimo
2734 3244 2940 3330 quad·

831 3351 868 3381 “
914 3346 1384 3434 ringentesimo
1405 3344 1736 3411 tricesimo
1759 3352 2018 3432 quarto,
2040 3345 2410 3412 Indictione
2434 3346 2937 3426 tertia-decima,

831 3452 869 3481 “
914 3447 1350 3514 Pontificatus
1394 3446 1811 3514 Sanctissimi
1855 3446 1927 3511 in
1976 3447 2244 3515 Christo
2289 3447 2512 3514 Patris
2542 3453 2613 3513 et
2662 3445 2941 3513 Domini

829 3557 865 3584 “
910 3549 1140 3631 nostri,
1186 3548 1464 3615 Domini
1524 3549 1828 3636 Eugenii,
1874 3548 2128 3615 Divina
2202 3549 2649 3631 Providentia,
2718 3549 2942 3637 Papae,

829 3657 866 3687 “
912 3651 1172 3731 Quarti,
1237 3672 1414 3717 anno
1475 3657 1732 3737 quartu,
1799 3652 1874 3716 in
1900 3650 2217 3721 ,Ecclesia
2259 3651 2645 3718 Cathedrali
2706 3651 2939 3719 Sancti

827 3757 863 3787 “
911 3751 1119 3831 Pauli,
1166 3751 1545 3833 Londoniis‚
1592 3753 1666 3817 in
1716 3752 2027 3841 Magistri
2088 3753 2367 3820 Roberti
2415 3754 2623 3834 Kent,
2670 3753 2943 3820 Notarii

824 3860 860 3891 “
905 3851 1183 3931 Publici,
1211 3851 1571 3940 scribaeque
1611 3853 1827 3918 nostri
1858 3853 2279 3941 infrascripti,
2309 3876 2387 3920 ac
2415 3854 2937 3942 subscriptorum

825 3963 862 3993 “
907 3954 1200 4039 testium,
1233 3955 1560 4035 videlicet,
1592 3955 1639 4021 J
1643 3955 1925 4022 ohannis
1970 3953 1997 3994 ²
2019 3956 2208 4038 Rose,
2240 3956 2310 4022 N
2311 3957 2512 4023 otarii
2559 3956 2835 4038 Publici,
2866 3962 2939 4022 et

826 4064 861 4094 ‘⁸
908 4058 1152 4125 nobilis
1196 4057 1344 4138 viri,
1389 4057 1663 4125 Thomae
1707 4057 2026 4140 Russelle,
2071 4058 2144 4123 in
2189 4080 2269 4125 ea
2320 4063 2514 4146 parte
2544 4065 2936 4125 vocatorum

826 4166 862 4196 “
907 4167 977 4227 et
1021 4165 1421 4249 rogatorum,
1468 4160 1840 4248 praesentia,
1884 4161 2266 4246 recepimus,
2314 4182 2466 4226 cum
2529 4160 2626 4227 eis
2693 4160 2938 4245 quibus

827 4270 865 4301 “
912 4263 1138 4329 decuit
1165 4262 1539 4329 reverentia
1567 4266 1636 4328 et
1666 4263 1931 4330 honore.
1992 4261 2155 4328 Post
2184 4283 2468 4350 quarum
2496 4262 2767 4349 quidem
2791 4261 2939 4328 Lit-

827 4371 866 4403 “
910 4371 1206 4433 terarum
1252 4363 1856 4453 Compulsoriarum
1915 4363 2296 4450 hujusmodi
2354 4364 2939 4452 praesentationem

891 4642 910 4676 ¹
933 4641 1168 4693 Dion-esis
1188 4642 1242 4693 in
1262 4642 1378 4695 MS.
1859 4641 1877 4775 Ι
1918 4640 2141 4695 distinct.

888 4719 911 4754 ‘⁴’
933 4719 1060 4770 This
1123 4736 1270 4773 name
1326 4721 1370 4772 is
1426 4720 1701 4774 somewhat
1746 4721 1826 4773 in·
