3467 5717
1334 856 1578 908 sANcn
1620 855 1893 907 ALBANI.
2532 847 2655 911 391

561 1049 601 1081 “
646 1052 664 1081 ‘
692 1042 999 1109 omnibus
1043 1041 1346 1122 ecclesiis,
1390 1048 1460 1110 et
1516 1043 1783 1109 vicariis
1829 1043 2186 1110 earundem
2229 1041 2658 1121 ecclesiarum,
2685 1037 2820 1087 ΑΒ·
2852 1041 2995 1087 ¹⁴3⁴·

561 1152 599 1201 ‘-‘
645 1155 662 1182 ‘
691 1145 820 1211 sibi
864 1143 1074 1210 unitis
1116 1165 1235 1211 seu
1278 1144 1576 1227 annexis,
1636 1144 1839 1210 fuerit
1902 1150 1970 1212 et
2028 1146 2120 1212 sit
2177 1150 2561 1232 exemptum
2621 1165 2662 1208 a
2686 1127 2953 1245 ‘ffeRli'ssfa‘

565 1252 603 1284 “
645 1246 1143 1333 ‘jurisdictione
1210 1251 1281 1313 et
1322 1251 1654 1333 potestate
1698 1268 2239 1335 quorumcunque
2285 1246 2662 1313 Ordinatio·
2686 1212 2995 1313 ssersworth.

562 1355 599 1385 “
645 1358 661 1385 ‘
689 1371 854 1427 rum,
886 1369 963 1414 ac
993 1348 1150 1415 Sedi
1179 1348 1597 1436 Apostolicae,
1630 1354 1700 1415 et
1743 1349 1886 1435 ejus
1920 1348 2387 1436 jurisdictioni,
2434 1349 2666 1413 imme·

561 1463 601 1489 “
646 1460 664 1487 ‘
693 1451 876 1517 diate
904 1449 1275 1537 subjectum
1299 1473 1316 1532 3
1344 1451 1648 1538 quodque
1679 1457 2028 1539 propterea
2056 1450 2374 1518 1devotus
2405 1449 2665 1517 Sancti-

562 1559 600 1589 “
646 1561 662 1589 ‘
692 1552 855 1618 tatis
884 1557 1126 1618 vestrae
1161 1551 1491 1618 Henricus
1518 1553 1930 1635 Burwasshe,
1964 1552 2262 1617 Vicarius
2306 1556 2665 1638 perpetuus

564 1661 599 1693 “
644 1664 661 1691 ‘
692 1653 1088 1720 Parochialis
1118 1654 1423 1721 Ecclesiae
1454 1654 1536 1721 de
1563 1654 2182 1733 Rikemersworthe,
2214 1654 2412 1720 dictae
2434 1651 2461 1691 ²
2478 1653 2666 1718 Dice-

561 1764 598 1794 “
645 1765 661 1792 ‘
691 1756 869 1836 cesis,
898 1754 1173 1843 praefato
1211 1756 1607 1823 monasterio
1637 1757 1850 1824 unitae
1879 1762 1948 1824 et
1990 1755 2439 1843 incorporatae,
2471 1760 2543 1820 et
2573 1754 2665 1819 sic

566 1866 601 1895 “
651 1859 871 1926 ‘idem
903 1858 1234 1924 Henricus
1285 1864 1633 1946 exemptus
1683 1864 1756 1925 et
1803 1858 1961 1925 Sedi
1991 1858 2411 1946 Apostolicae,
2462 1856 2667 1922 medi-

569 1967 605 1997 “
653 1970 669 1998 ‘
697 1969 855 2027 ante
889 1959 1349 2046 jurisdictione
1393 1960 1767 2026 Reverendi
1805 1960 2067 2044 Domini
2095 1959 2379 2025 Abbatis
2408 1958 2664 2045 praefati

565 2070 602 2098 “
648 2070 664 2098 ‘
695 2061 1076 2128 monasterii
1121 2059 1352 2128 Sancti
1395 2060 1663 2143 Albani,
1699 2060 2035 2146 subjectus
2077 2060 2316 2142 fuerit;
2384 2058 2412 2099 ³
2426 2060 2668 2125 nihilo·

571 2170 607 2200 “
654 2172 671 2200 ‘
700 2163 939 2241 minus,
982 2161 1396 2229 Venerabilis
1467 2163 1796 2229 Dominus
1838 2162 1891 2229 J
1890 2163 2182 2229 ohannes
2241 2161 2667 2249 Lyndefelde,

569 2272 606 2301 “
653 2274 671 2301 ‘
697 2286 993 2331 amer-ms
1033 2286 1108 2329 se
1129 2285 1343 2330 unum
1371 2287 1458 2330 ex
1479 2264 2001 2332 Praesidentibus
2023 2263 2243 2332 Ouriae
2271 2264 2670 2343 Cantuariae,

572 2375 611 2404 ‘⁶
656 2376 674 2403 ‘
704 2367 956 2432 dictum
988 2366 1345 2433 Dominum
1372 2367 1740 2434 Henricum
1769 2372 2226 2454 exponentem,
2245 2372 2386 2434 tam
2416 2389 2501 2434 ex
2531 2367 2673 2453 ejus

576 2477 612 2505 “
658 2479 675 2506 ‘
703 2474 1035 2556 praetenso
1081 2467 1307 2550 officie,
1341 2491 1542 2554 quam
1582 2469 1787 2535 etiam
1832 2469 1921 2534 ad
1964 2470 2489 2557 procurationem
2534 2470 2675 2536 sive

576 2578 614 2607 ‘⁴
663 2568 1100 2635 ‘instantiam
1163 2571 1579 2656 quorundam
1644 2571 1913 2640 Ricardi
1981 2571 2334 2638 Whitman
2403 2577 2473 2637 et
2535 2572 2677 2657 ejus

576 2681 611 2710 ‘⁶
657 2681 674 2709 ‘
703 2670 1038 2751 consortie,
1088 2670 1313 2738 taliter
1372 2672 1658 2758 qualiter
1706 2674 1790 2740 de
1841 2675 2015 2741 facto
2061 2673 2677 2755 excommunicavit,

578 2782 613 2811 ‘⁴
660 2784 678 2812 ‘
706 2772 1262 2840 excommunicari
1306 2773 1669 2854 mandavit,
1715 2775 1791 2840 in
1819 2775 2279 2864 praejudicium
2327 2775 2524 2842 dictae
2570 2796 2683 2839 ex-

577 2885 615 2915 “
661 2885 677 2913 ‘
705 2875 1063 2963 emptionis
1127 2879 1197 2940 et
1247 2874 1732 2961 jurisdictionis
1793 2878 2210 2966 Apostolicae,
2285 2899 2363 2943 ac
2420 2877 2684 2965 praefati

582 2986 619 3016 ‘⁸
664 2988 679 3015 ‘
711 2978 984 3044 Domini
1032 2975 1362 3059 Abbatis3
1435 2982 1506 3043 et
1551 2984 1902 3066 propterea
1953 2978 2189 3046 extitit
2242 2978 2681 3045 Sanctitatem

582 3086 619 3117 “
664 3088 679 3115 ‘
707 3084 992 3146 vestram
1024 3078 1867 3168 appellatumz-dignetur
1910 3102 2063 3169 ergo
2085 3080 2422 3147 Sanctitas
2458 3084 2686 3146 vestra

582 3188 621 3219 “
667 3186 686 3218 ‘
714 3174 948 3247 causas
973 3179 1493 3268 appellationum
1523 3181 1903 3267 hujusmodi
1943 3188 2014 3248 et
2057 3181 2314 3270 negotii
2359 3182 2568 3268 princi
2574 3204 2687 3269 pa-

583 3293 620 3321 “
666 3293 682 3321 ‘
713 3283 817 3364 lis,
844 3304 920 3349 ac
963 3281 1303 3348 nullitatis
1347 3282 1547 3350 dictae
1577 3289 1927 3372 praetensae
1971 3284 2687 3363 excommunicationis,

584 3393 623 3423 “
669 3395 685 3423 ‘
715 3389 785 3451 et
827 3384 1038 3450 totius
1070 3385 1381 3472 praetensi
1421 3406 1773 3472 processus,
1824 3408 2042 3454 coram
2091 3385 2369 3473 praefato
2399 3386 2690 3452 Domino

583 3496 619 3527 “
669 3496 685 3524 ‘
712 3487 761 3554 J
763 3486 1036 3569 ohanne,
1079 3492 1328 3553 asserto
1370 3487 1798 3566 Praesidente,
1843 3488 2079 3568 habiti,
2125 3488 2418 3575 aliasque
2464 3510 2691 3555 causas

583 3598 620 3628 “
668 3599 684 3627 ‘
713 3590 891 3656 inter
921 3588 1173 3655 dictum
1205 3588 1563 3655 Dominum
1597 3591 1945 3670 Abbatem,
1981 3595 2052 3658 et
2080 3592 2221 3678 ejus
2253 3590 2687 3671 Conventum,

588 3699 624 3729 ‘⁴
670 3700 687 3728 ‘
717 3696 788 3758 et
829 3690 1177 3778 praefatum
1222 3691 1589 3757 Dominum
1632 3691 1681 3758 J
1683 3692 2030 3771 ohannem,
2085 3698 2408 3759 assertum
2458 3693 2692 3760 Praesi-

588 3801 627 3831 “
675 3802 691 3828 ‘
720 3795 1007 3869 dentem,
1048 3799 1119 3860 et
1158 3813 1581 3879 quoscunque
1626 3794 1791 3860 alios
1834 3817 1955 3862 sua
1997 3795 2311 3863 interesse
2354 3800 2691 3883 putanteS,

588 3902 626 3932 “
675 3903 692 3930 ‘
718 3893 980 3961 etiamsi
1025 3894 1304 3981 majores
1350 3916 1683 3982 processus
1728 3896 1995 3974 fuerint,
2047 3898 2131 3963 de
2172 3902 2242 3964 et
2288 3919 2483 3984 super
2551 3902 2692 3962 tur-

590 4004 626 4034 “
674 4005 691 4031 ‘
719 3996 987 4063 batione
1039 3995 1235 4063 dictae
1286 3997 1726 4084 exemptionis
1779 4003 1850 4063 et
1892 3997 2090 4064 rebus
2142 3997 2291 4063 aliis
2350 3999 2422 4063 in
2480 3996 2508 4037 4
2526 3998 2695 4064 actis

593 4104 630 4136 “
676 4107 693 4135 ‘
722 4120 934 4165 causae
979 4098 1442 4185 exprimendis,
1473 4104 1544 4164 et
1586 4098 1857 4163 illarum
1901 4098 2252 4177 occasione,
2284 4099 2695 4165 committere

596 4207 633 4238 “
679 4210 695 4237 ‘
726 4201 927 4267 alicui
978 4222 1064 4266 ex
1104 4200 1595 4267 venerabilibus
1664 4199 1970 4265 Dominis
2020 4200 2263 4266 Palatii
2309 4201 2693 4288 Apostolici,

596 4310 633 4340 “
680 4313 696 4338 ‘
727 4325 1069 4368 causarum
1134 4301 1597 4383 AuditoribuS,
1666 4301 2091 4384 audiendum,
2159 4304 2696 4391 cognoscendum,

596 4412 632 4441 “
680 4413 696 4441 ‘
726 4409 796 4470 et
825 4405 957 4468 fine
989 4403 1216 4469 debito
1246 4404 1761 4484 terminandum,
1794 4427 1942 4470 cum
1988 4405 2294 4472 omnibus
2324 4410 2394 4471 et
2424 4406 2701 4492 singulis

669 4629 685 4661 ¹
703 4627 869 4679 There
890 4643 1099 4693 appears
1121 4636 1175 4681 to
1199 4630 1263 4680 be
1296 4646 1433 4681 some
1455 4628 1604 4680 omis-
1762 4627 1786 4661 ³
1809 4624 2144 4678 nichilom‘nus
2168 4627 2220 4678 in
2242 4628 2356 4681 MS.

601 4709 713 4759 sion
734 4707 869 4759 here.
1766 4707 1786 4741 ⁴
1812 4707 1937 4758 artis
1960 4706 2012 4757 in
2034 4707 2147 4759 MS.

666 4784 688 4818 ²
711 4783 945 4836 Dior-esis
968 4784 1022 4837 in
1044 4786 1159 4838 MS.
