3467 5717
826 803 958 865 448
1616 815 1970 868 Arrmmrx
2019 803 2147 888 (n).

912 999 999 1065 In
1064 1021 1333 1088 corpore
1379 1000 1684 1069 Ecclesiae
1728 1008 1889 1069 sunt
1932 1003 2069 1070 tria
2111 1003 2370 1085 altaria,
2415 1024 2637 1071 coram
2683 1003 2933 1071 Sancta

823 1099 1031 1168 Cruce
1091 1103 1388 1168 seriatim
1462 1103 1732 1186 situata,
1797 1104 1871 1169 in
1945 1104 2263 1173 honorem
2339 1106 2568 1173 Beatae
2632 1107 2930 1194 Virginis

822 1203 1071 1283 Mariae,
1147 1207 1440 1272 omnium
1504 1206 1977 1295 Apostolorum
2023 1208 2501 1288 Confessorum,
2571 1209 2930 1295 Sanctique

822 1307 1183 1386 Benedicti,
1230 1308 1462 1375 Sancti
1508 1310 1781 1376 Thomae
1826 1310 2169 1397 Martyris,
2216 1317 2287 1378 et
2339 1310 2572 1378 Sancti
2625 1310 2933 1392 Oswini3

822 1431 972 1496 quae
1021 1411 1258 1477 altaria
1309 1416 1533 1477 amota
1576 1411 1870 1494 fuerunt,
1900 1416 1971 1479 et
2018 1412 2284 1493 ibidem,
2332 1419 2534 1501 prout
2578 1414 2928 1494 cernimus,

820 1518 1198 1579 reverenter
1227 1513 1456 1594 locata,
1489 1535 1607 1600 per
1635 1513 2038 1580 industriam
2081 1515 2356 1581 Domini
2400 1515 2667 1582 Thomae
2698 1515 2930 1603 Houg-

819 1620 956 1694 ton,
989 1615 1320 1702 quondam
1370 1614 1678 1683 Sacristae
1707 1615 1909 1703 hujus
1953 1616 2278 1699 eoclesiae3
2325 1618 2443 1705 qui
2487 1617 2572 1684 ob
2628 1618 2930 1684 devotio·

819 1738 974 1783 nem
1026 1718 1288 1783 Sanctae
1342 1717 1586 1796 Crucis,
1621 1716 2050 1803 Crucifixum,
2077 1720 2378 1800 Mariam,
2418 1725 2489 1788 et
2528 1720 2577 1787 J
2580 1720 2928 1799 ohannem,

819 1819 1071 1886 curiose
1115 1819 1387 1907 depingi
1429 1819 1602 1886 fecit.

911 1922 1035 1989 Est
1094 1922 1345 1988 ibidem
1404 1923 1613 1989 altare
1672 1943 1894 1989 coram
1955 1920 1977 1961 ¹
2002 1923 2294 2012 imagine
2354 1925 2585 1993 Beatae
2628 1924 2927 2013 Virginis

822 2024 1073 2104 Mariae,
1120 2025 1470 2112 diligentia
1511 2031 1581 2091 et
1624 2025 2004 2113 sumptibus
2054 2026 2311 2092 Fratris
2351 2027 2672 2093 Willelmi
2715 2027 2927 2113 Wyn-

821 2127 1164 2204 turshulle,
1240 2126 1764 2215 Eleemosynarii
1835 2126 2033 2213 hujus
2119 2129 2527 2209 monasterii,
2617 2134 2928 2210 erectum,

823 2229 1164 2309 directum,
1217 2236 1288 2296 et
1347 2234 1492 2296 toto
1544 2252 1663 2296 suo
1714 2235 2012 2317 tempore
2063 2231 2544 2297 honorabiliter
2592 2234 2931 2297 sustenta-

821 2336 1010 2414 tum3
1058 2337 1138 2397 ut
1188 2333 1264 2397 in
1311 2332 1576 2399 Rotulis
1627 2331 2132 2399 Benefiactorum
2177 2332 2491 2419 ejusdem,
2550 2338 2620 2399 et
2681 2333 2931 2399 Inven-

822 2437 994 2504 tario
1047 2458 1164 2503 seu
1211 2435 1742 2503 Memorandorio
1791 2436 2103 2523 ejusdem,
2152 2438 2417 2526 plenius
2467 2441 2791 2525 apparet:
2856 2442 2931 2503 et

821 2543 1200 2605 consecrata
1249 2539 1431 2606 fuere
1481 2539 1615 2605 tria
1665 2538 1906 2606 altaria
1956 2540 2081 2605 sub
2132 2539 2342 2607 Cruce
2394 2540 2779 2627 praescripta
2807 2561 2932 2626 per

822 2639 1225 2706 Horrensem
1257 2640 1669 2728 Episcopum,
1692 2641 1883 2728 regni
1907 2641 2294 2729 Hungariae,
2326 2647 2620 2730 tempore
2647 2641 2929 2707 Domini

819 2741 1140 2807 Willelmi
1184 2741 1623 2828 Heywurthe,
1666 2742 1977 2810 Abbatis.

908 2842 935 2882 ²
958 2842 1082 2910 Est
1126 2843 1195 2909 in
1244 2843 1512 2931 Capella
1557 2843 1786 2910 Sancti
1842 2844 2131 2912 Andreae
2177 2845 2312 2911 tria
2367 2844 2605 2912 altaria
2663 2843 2931 2932 lapidea

819 2951 1212 3028 consecrata,
1248 2945 1580 3026 videlicet,
1626 2946 1923 3012 medium
1967 2947 2040 3012 in
2083 2947 2332 3013 honore
2371 2946 2600 3013 Sancti
2634 2945 2930 3012 Andreae

819 3049 1145 3137 Apostoli,
1183 3049 1370 3115 aliud
1399 3048 1474 3113 in
1507 3048 1822 3115 honorem
1853 3049 2082 3115 Beatae
2130 3049 2383 3131 Mariae,
2414 3053 2486 3115 et
2529 3050 2812 3115 tertium
2856 3050 2929 3114 in

820 3151 1134 3219 honorem
1177 3150 1407 3217 Sancti
1452 3149 1518 3215 N
1522 3150 1727 3216 icolai.
1790 3152 1915 3216 Est
1959 3152 2165 3217 etiam
2209 3153 2283 3217 in
2330 3150 2604 3239 Capella
2649 3150 2930 3217 Domini

821 3251 1105 3320 Abbatis
1175 3252 1385 3319 altare
1459 3253 1531 3317 in
1592 3253 1912 3319 honorem
1973 3252 2239 3319 Sanctae
2317 3253 2553 3320 Mariae
2630 3252 2927 3341 Virginis

820 3360 1287 3436 consecratum,
1319 3355 1391 3421 in
1422 3354 1529 3421 die
1575 3353 1807 3420 Sancti
1839 3354 2180 3421 Vincentii
2210 3354 2573 3440 Martyris3
2617 3354 2737 3420 ubi
2767 3358 2929 3420 sunt

822 3454 849 3494 ³
868 3456 1187 3545 imagines
1216 3456 1510 3543 ejusdem
1539 3456 1769 3522 Beatae
1797 3453 2113 3543 Virginis,
2146 3455 2411 3522 Sanctae
2457 3456 2691 3523 Mariae
2739 3455 2928 3543 Mag-

822 3558 1093 3637 dalenae,
1140 3580 1341 3645 supra
1368 3558 1397 3598 ⁴
1417 3578 1673 3625 sursum
1722 3558 2012 3638 situatae,
2043 3563 2113 3624 et
2166 3557 2395 3623 tabula
2442 3580 2660 3625 coram
2698 3558 2926 3624 eodem

821 3660 1019 3725 altari
1064 3659 1146 3726 de
1192 3659 1470 3727 Gaudiis
1517 3659 1810 3746 ejusdem
1853 3659 2154 3748 Virginis
2198 3660 2476 3748 depicta.

907 3762 1033 3827 Est
1084 3762 1352 3849 insuper
1400 3761 1474 3827 in
1528 3762 1802 3849 Capella
1853 3760 2100 3828 Prioris
2164 3762 2551 3829 Monasterii
2593 3762 2801 3829 altare
2852 3761 2929 3826 in

818 3864 1133 3931 honorem
1150 3863 1380 3930 Sancti
1404 3864 1751 3944 Simeonis,
1769 3863 2077 3951 Episcopi
2098 3866 2168 3931 et
2183 3864 2523 3950 Martyris,
2554 3863 2926 3931 consobrini

820 3966 1111 4046 Domini,
1164 3967 1577 4048 dedicatum;
1618 3965 1737 4032 ubi
1764 3966 2052 4033 habetur
2095 3966 2303 4053 ipsius
2337 3964 2365 4004 ⁶
2385 3966 2609 4055 imago
2647 3966 2927 4033 vitriata

821 4069 1230 4135 solummodo
1272 4069 1347 4135 in
1391 4068 1681 4135 fenestra
1723 4068 1798 4133 in
1841 4066 2168 4134 Orientali
2219 4067 2513 4154 ejusdem
2565 4067 2851 4156 capellae.

912 4171 1037 4237 Est
1066 4171 1270 4238 etiam
1298 4172 1372 4236 in
1392 4169 1647 4236 hostria
1676 4169 2059 4236 Conventus
2077 4168 2285 4235 altare
2315 4169 2388 4235 in
2417 4169 2665 4236 honore
2695 4168 2928 4236 Sancti

823 4273 1150 4354 Cutberti,
1167 4274 1253 4340 ab
1283 4272 1607 4361 Episcopo
1637 4271 2084 4353 Dunelmensi,
2104 4272 2410 4360 Hugone‚
2442 4277 2739 4359 tempore
2758 4271 2929 4337 Wil-

820 4375 1003 4443 lelmi
1030 4375 1247 4464 primi,
1279 4374 1584 4454 Abbatis,
1604 4373 1775 4440 dicti
1817 4379 1852 4411 “
1876 4372 2480 4461 Trumpyngtone‚''
2507 4372 2582 4439 in
2611 4373 2928 4440 honorem

889 4595 1355 4663 ¹ymaqineinMS.
1987 4589 2593 4661 ⁴Qy.astothioword.

888 4673 1688 4742 ²¹8icinMS.,inthesingulsr.
1988 4672 2409 4739 ‘ymayoinua

890 4754 1383 4823 ’ymaginesinMS
