3467 5717
760 780 899 844 ‘256
1437 793 1759 845 annuns
1801 793 2224 846 ΜΟΝΑΒΤΕΒΠ

426 985 737 1045 Α·ῡ-14·-’7,8·
764 989 803 1016 “
846 982 1023 1068 quod
1084 982 1465 1048 nullatenus
1540 982 1746 1048 stabit
1808 1003 1926 1070 per
1998 1003 2209 1048 meam
2289 1003 2637 1070 personam
2714 983 2877 1071 quin

764 1092 799 1119 “
844 1083 1090 1170 absque
1139 1084 1362 1170 aliquo
1424 1083 1555 1149 alio
1607 1084 1845 1171 judicii
1888 1085 2173 1171 strepitu
2217 1085 2420 1150 finem
2482 1086 2876 1153 habebimus

764 1194 800 1223 “
844 1208 1042 1273 super
1086 1187 1323 1252 litibus
1368 1187 1676 1254 omnibus
1722 1186 2169 1274 pendentibus
2214 1188 2560 1275 pacificum
2608 1195 2680 1254 et
2724 1210 2876 1255 con-

760 1298 794 1324 “
841 1289 1121 1358 cordem.
1258 1289 1350 1354 Et
1427 1289 1604 1376 pacis
1677 1310 1795 1355 seu
1872 1288 2348 1375 pacificationis
2439 1290 2661 1356 media.
2722 1313 2870 1377 quae

762 1398 800 1427 “
843 1392 983 1478 ipse
1029 1392 1227 1457 offero
1288 1392 1361 1456 in
1420 1391 1734 1457 brevibus
1793 1395 1953 1456 sunt
2004 1391 2633 1458 ista.—Vendicatis
2694 1394 2871 1458 enim

760 1501 795 1528 “
841 1514 960 1558 vos
1019 1494 1295 1580 singulis
1363 1492 1639 1559 alternis
1705 1493 1901 1557 annis
1968 1492 2213 1559 habere
2290 1494 2362 1558 in
2434 1495 2678 1560 bruera
2732 1496 2868 1582 jam

763 1603 795 1630 “
841 1593 1181 1681 praedicta'
1228 1596 1524 1661 omnium
1600 1595 1989 1660 animalium
2054 1595 2450 1683 fugationes,
2573 1596 2872 1662 Vendico

761 1704 798 1734 “
844 1719 1003 1764 vero
1079 1719 1202 1785 ego
1278 1705 1360 1765 ut
1429 1695 1454 1736 ¹
1479 1698 1870 1763 conveniam
1946 1720 2097 1765 cum
2173 1697 2650 1785 praedecessore
2726 1720 2871 1764 meo

760 1806 796 1836 “
839 1799 1077 1865 habere
1144 1800 1336 1865 annis
1396 1799 1675 1886 singulis
1737 1800 1983 1887 absque
2028 1800 2255 1886 aliquo
2300 1802 2627 1866 consortio
2672 1801 2870 1868 alter-

758 1910 793 1937 “
837 1902 1143 1969 nationis
1236 1901 1524 1969 Olamito
1585 1903 1786 1968 etiam
1846 1902 1988 1989 ipse
2047 1923 2168 1989 per
2229 1924 2421 1989 agros
2464 1907 2719 1969 vestros
2764 1923 2866 1968 se-

756 2009 793 2040 “
838 2002 1164 2090 parabiles
1210 2025 1418 2089 usque
1462 2004 1550 2069 ad
1595 2002 1965 2069 dominium
2023 2009 2327 2069 nostrum
2372 2004 2452 2071 de
2497 2003 2562 2068 N
2567 2003 2867 2071 orthawe

760 2112 797 2143 “
839 2107 1018 2171 viam
1063 2127 1474 2172 communem
1519 2106 1806 2187 habere3
1853 2126 1974 2171 vos
2018 2126 2175 2171 vero
2222 2105 2559 2171 obstacula
2602 2105 2871 2192 ponitis,

759 2213 796 2243 “
842 2230 964 2275 nec
1009 2208 1391 2295 permittitis
1437 2230 1552 2297 per
1608 2207 1786 2273 viam
1842 2207 2008 2272 mihi
2053 2207 2347 2273 debitam
2411 2229 2518 2273 me
2568 2208 2869 2277 transire.

761 2317 797 2348 “
842 2311 953 2377 Ab
1000 2311 1130 2377 hiis
1175 2311 1483 2377 omnibus
1530 2310 1684 2377 volo
1731 2331 1853 2398 ego
1897 2295 2187 2376 libenter
2230 2309 2552 2391 recedere,
2601 2311 2869 2376 vestris-

758 2420 794 2450 “
838 2436 966 2500 que
1010 2415 1084 2479 in
1143 2413 1450 2479 omnibus
1509 2412 2022 2479 condescendere
2086 2411 2447 2489 desideriiS,
2507 2433 2583 2479 ac
2642 2434 2866 2499 pacem

758 2524 793 2551 “
839 2538 958 2604 pro
1034 2520 1353 2603 perpetuo
1432 2515 1739 2594 stabiliri,
1815 2514 2174 2580 dummodo
2249 2514 2684 2601 permiseritis
2761 2537 2864 2581 me

758 2623 793 2653 “
836 2616 1171 2684 includere
1216 2617 1400 2683 illam
1445 2617 1831 2705 angularem
1875 2617 2134 2683 bruerae
2165 2616 2673 2703 portiunculam,
2717 2638 2866 2703 quae

759 2725 795 2754 “
838 2720 1197 2806 praetendit
1239 2740 1391 2785 suos
1454 2719 1720 2799 limite8‚
1769 2739 1977 2805 usque
2030 2718 2119 2784 ad
2175 2719 2343 2784 fines
2387 2724 2635 2786 nostrae
2680 2740 2866 2785 man-

759 2827 796 2857 “
841 2821 1063 2899 sionis,
1109 2825 1180 2887 et
1214 2821 1395 2907 jacet
1438 2842 1526 2888 ex
1571 2821 1873 2908 opposito
1918 2825 2152 2886 contra.
2194 2819 2521 2908 gravam.''

420 2943 517 2995 nis
539 2958 654 3009 pro-
845 2923 1096 2989 Videns
1142 2924 1361 2991 dictus
1421 2924 1728 2991 dominus
1776 2922 2116 3009 optionem
2159 2922 2445 2989 Abbatis
2510 2945 2648 2989 rem
2699 2922 2860 3004 fore,

423 3009 661 3129 {22th
760 3006 977 3113 quoad
1020 3028 1258 3115 ipsum,
1290 3025 1644 3093 levissimae
1676 3024 2172 3113 deperditionis,
2203 3047 2362 3091 mox
2404 3025 2517 3091 ille
2544 3026 2822 3092 assensit
2849 3051 2866 3091 ι

423 3090 732 3208 bysslz’aonys.
758 3150 1043 3216 moxque
1072 3131 1248 3196 inter
1276 3134 1500 3217 partes
1529 3130 1669 3195 haec
1698 3128 1929 3194 charta.
1966 3127 2316 3193 indentata
2342 3128 2588 3215 scripta
2630 3128 2862 3196 fuit.—

419 3234 693 3285 ludentum
850 3237 884 3266 “
917 3232 1082 3299 Haec
1145 3232 1523 3311 indentura,
1568 3231 1745 3296 facta.
1810 3230 1990 3296 inter
2058 3229 2434 3296 «Iohannem
2484 3231 2870 3297 Whetham-

420 3302 642 3419 Ξζξξοῃ,
760 3339 796 3368 “
842 3335 1043 3414 stede,
1073 3334 1410 3400 abbatem
1456 3332 1850 3400 Monasoeffi
1896 3332 2132 3398 Sancti
2159 3331 2426 3410 Aibani,
2475 3335 2546 3397 et
2573 3330 2865 3417 ejusdem

758 3442 795 3472 “
839 3436 968 3503 loci
1028 3437 1469 3515 Conventum,
1527 3457 1611 3500 ex
1652 3439 1840 3521 parte
1886 3455 2039 3515 una,
2102 3437 2173 3499 et
2221 3434 2544 3499 Thomam
2590 3433 2867 3498 Knolles

758 3544 794 3574 “
841 3540 1182 3618 seniorem,
1260 3538 1468 3604 civem
1532 3541 1601 3603 et
1672 3557 2018 3623 grocerum
2090 3535 2601 3614 Londoniarum,
2664 3534 2730 3599 N
2735 3536 2865 3601 ico-

758 3646 793 3674 “
837 3640 1019 3704 laum
1079 3637 1413 3721 Wottone,
1477 3639 1688 3705 civem
1757 3641 1827 3704 et
1888 3638 2283 3725 pannarium
2349 3637 2862 3718 Londoniarum,

757 3747 792 3777 “
837 3742 884 3806 J
886 3741 1210 3807 ohannem
1274 3740 1515 3821 Snelle,
1578 3741 1902 3821 clericum,
1965 3739 2284 3819 Thomam
2344 3739 2597 3821 Seloue,
2653 3740 2860 3805 civem

757 3850 793 3880 “
839 3847 908 3909 et
951 3863 1291 3930 grocerum
1337 3840 1849 3922 Londoniarum,
1915 3841 2282 3909 Robertum
2328 3840 2600 3928 Shilley,
2667 3842 2868 3908 armi-

756 3951 791 3980 “
836 3967 1086 4034 gerum,
1111 3944 1433 4010 Thomam
1480 3944 1739 4030 Oxney,
1773 3945 1986 4009 civem
2033 3949 2104 4008 et
2145 3964 2487 4030 grocerum
2533 3944 2863 4009 Londoni-

756 4055 791 4086 “
834 4070 1044 4130 arum,
1093 4053 1164 4113 et
1214 4046 1573 4112 Ricardum
1620 4044 1887 4130 Hacdy,
1929 4045 2142 4111 civem
2188 4049 2259 4111 et
2301 4062 2643 4132 groeerum
2689 4045 2862 4110 Lon-

754 4157 790 4185 “
840 4151 1206 4228 doniarum,
1267 4171 1353 4214 ex
1416 4152 1606 4236 parte
1650 4149 1898 4227 altera3
1959 4151 2252 4214 testatur
2314 4147 2493 4233 quod
2560 4147 2863 4234 praedicti

755 4258 791 4288 ‘⁴
837 4252 1139 4330 Th0mas,
1190 4250 1520 4331 Nicolaus,
1551 4250 1597 4316 J
1602 4249 1895 4316 ohannes
1940 4247 2182 4330 Snelle,
2213 4248 2513 4328 Thomas,
2560 4248 2860 4330 Thomas,

756 4361 793 4391 “
839 4354 1185 4435 Robertus‚
1232 4352 1534 4433 ThomaS,
1595 4356 1664 4418 et
1710 4351 2050 4430 Ricardus,
2106 4356 2580 4429 concesserunt,
2627 4372 2747 4437 pro
2791 4372 2862 4416 se

756 4464 791 4493 “
839 4462 908 4525 et
952 4455 1325 4523 haeredibus
1369 4455 1519 4537 suis,
1567 4453 1861 4541 praefatis
1905 4452 2159 4520 Abbati
2213 4459 2284 4519 et
2346 4452 2746 4533 Conventui,
2794 4457 2864 4519 et

994 4709 1008 4738 ¹
1032 4710 1251 4756 conciam
1274 4705 1325 4756 in
1350 4705 1465 4757 MS.
1532 4704 1662 4757 This
1683 4719 1893 4771 passage
1915 4704 1960 4754 is
1983 4703 2281 4769 apparently
2302 4701 2628 4769 incompleta.
