3467 5717
880 822 1008 885 386
1527 834 1846 886 ANNALEs
1889 835 2309 887 MONASTERII

545 1328 718 1377 Letter
740 1325 800 1375 of

545 1394 741 1458 mey,

547 1459 701 1524 given
722 1460 791 1523 by

547 1527 632 1575 the
649 1526 826 1575 Abbot

546 1592 608 1642 of
625 1591 700 1643 St.
723 1590 820 1641 Al-
883 1628 922 1659 cc

545 1659 701 1707 ban'S.

548 1723 684 1775 As).
713 1727 856 1774 1428.
885 1730 921 1761 “

1300 1149 1871 1219 Procuratorium
1914 1149 2214 1220 Domini
2256 1150 2561 1219 Abbatis.

970 1322 1004 1351 “
1035 1316 1272 1382 Pateat
1314 1315 1643 1382 universis
1685 1338 1805 1403 per
1846 1320 2217 1404 praesentes,
2246 1316 2425 1402 quod
2453 1337 2590 1398 nos,
2621 1314 2670 1381 J
2672 1314 2983 1391 ohannes,

880 1425 916 1454 “
961 1419 1089 1484 Dei
1156 1418 1497 1505 patientia,
1544 1419 1776 1485 Abbas
1846 1419 2238 1485 Monasterii
2306 1417 2540 1485 Sancti
2601 1417 2869 1498 Albani,
2910 1423 2983 1484 et

884 1526 919 1556 “
965 1520 1261 1606 ejusdem
1330 1520 1455 1586 loci
1522 1520 1923 1602 Conventus,
1983 1519 2258 1587 Ordinis
2325 1519 2560 1587 Sancti
2620 1520 2983 1600 Benedicti,

964 1622 1445 1689 Lincolniensis
1487 1620 1514 1660 ¹
1537 1622 1877 1706 Dioecesis‚
1920 1622 1996 1688 in
2038 1621 2345 1689 omnibus
2388 1620 2599 1689 causis
2657 1626 2730 1687 et
2784 1643 2984 1709 nego-

965 1725 1078 1791 tiis
1120 1747 1258 1804 nos,
1301 1746 1611 1812 personas
1653 1730 1934 1807 nostras,
1982 1730 2052 1792 et
2095 1722 2123 1764 ²
2141 1729 2443 1792 nostrum
2491 1724 2984 1802 monasterium,

885 1834 919 1865 ‘⁶
963 1828 1506 1914 qualitercunque
1567 1826 2126 1911 concernentibus,
2172 1828 2375 1894 motis
2437 1849 2557 1894 seu
2623 1827 2984 1908 movendis,

887 1935 922 1966 “
968 1951 1184 1995 coram
1230 1929 1728 2017 quibuscunque
1771 1928 1820 1995 J
1823 1929 2144 2011 udicibus,
2192 1929 2579 2011 ordinariis,
2626 1928 2983 2016 Delegatis,

885 2038 925 2068 “
970 2031 1448 2119 Subdelegatis,
1492 2037 1612 2099 aut
1656 2053 1884 2098 eorum
1932 2030 2411 2099 commissariis
2470 2030 2984 2118 quibuscunque,

884 2138 922 2185 θ’
967 2133 1485 2220 qualemcunque
1534 2132 2064 2220 jurisdictionem
2121 2155 2241 2199 seu
2296 2132 2820 2200 nominationem
2865 2133 2986 2198 ha-

885 2241 922 2271 “
965 2235 1295 2319 bentibus,
1363 2236 1613 2316 diebus,
1677 2236 1880 2315 horis,
1931 2240 2001 2303 et
2067 2235 2242 2316 loeis,
2287 2233 2529 2320 quibus
2591 2235 2816 2301 abesse
2873 2234 2985 2299 vel

883 2345 922 2373 “
966 2338 1192 2403 adesse
1221 2337 1593 2425 contigerit,
1622 2336 1938 2404 dilectum
1965 2337 2160 2403 nobis
2188 2337 2262 2402 in
2289 2335 2557 2404 Christo
2588 2335 2983 2424 Magistrum

885 2444 923 2476 “
966 2439 1016 2503 J
1016 2441 1290 2505 acobum
1338 2439 1512 2519 Cole,
1561 2438 1781 2507 Ouriae
1828 2438 2211 2506 Cantuariae
2262 2444 2749 2526 procuratorem
2789 2459 2986 2526 gene-

882 2546 920 2576 “
964 2541 1188 2620 ralem,
1231 2548 1535 2607 nostrum
1579 2563 1812 2608 verum
1857 2547 1927 2608 et
1968 2541 2343 2629 legitimum
2389 2542 2783 2623 ordinamus,
2828 2541 2986 2606 faci-

882 2651 914 2678 “
961 2664 1125 2721 mus,
1157 2648 1227 2709 et
1257 2642 1742 2726 constituimuS,
1773 2647 2283 2732 procuratorem,
2315 2648 2623 2724 actorem,
2653 2643 2983 2721 factorem,
3047 2670 3059 2679 ·

885 2749 924 2780 “
969 2748 1041 2810 et
1083 2743 1502 2832 negotiorum
1546 2749 1925 2811 nostrorum
1968 2750 2299 2843 gestorem
2342 2767 2419 2812 ac
2462 2744 2776 2811 nuncium
2836 2766 2986 2832 spe-

882 2854 916 2882 “
962 2846 1209 2916 cialem.
1296 2845 1680 2934 Damusque
1724 2852 1796 2914 et
1841 2847 2257 2914 concedimus
2319 2847 2527 2913 eidem
2570 2846 2986 2933 procuratori

884 2952 920 2983 “
967 2954 1193 3015 nostro
1237 2954 1631 3035 potestatem
1682 2949 2054 3037 generalem
2122 2955 2194 3016 et
2253 2949 2639 3014 mandatum
2681 2947 2983 3035 speciale,

884 3055 924 3085 “
969 3072 1089 3137 pro
1132 3049 1322 3116 nobis
1367 3055 1438 3117 et
1480 3051 1749 3117 nomine
1792 3055 2039 3133 nostw,
2082 3073 2161 3117 ac
2202 3051 2472 3117 nomine
2522 3049 2685 3117 dicti
2725 3072 2987 3115 monas-

883 3158 918 3186 “
966 3153 1136 3235 terii,
1165 3138 1603 3238 comparendi,
1627 3152 2014 3240 agendique,
2046 3157 2116 3219 et
2151 3151 2564 3232 defendendi,
2594 3152 2984 3239 excipiendi,

883 3262 920 3288 “
965 3253 1346 3342 replicandi,
1391 3254 1580 3320 litem
1625 3254 2060 3336 contestandi,
2103 3255 2409 3342 ponendi,
2456 3259 2528 3321 et
2572 3255 2981 3335 articulandi,

884 3363 922 3392 “
964 3356 1408 3442 positionibus
1439 3362 1508 3423 et
1536 3356 1833 3423 articulis
1864 3356 2318 3444 respondendi,
2354 3356 2812 3442 juramentum
2845 3360 2983 3421 tam

886 3466 919 3494 “
966 3457 1048 3523 de
1092 3455 1119 3497 ³
1141 3459 1468 3525 calumnia
1514 3479 1712 3544 quam
1758 3458 1843 3524 de
1886 3459 2172 3525 veritate
2216 3457 2499 3538 dicendi,
2529 3462 2598 3523 et
2643 3458 2982 3545 quodlibet

884 3567 919 3595 “
965 3559 1147 3625 aliud
1189 3582 1400 3648 genus
1443 3560 1615 3627 liciti
1659 3560 2055 3627 sacramenti
2096 3561 2170 3626 in
2212 3561 2468 3626 animas
2510 3566 2771 3627 nostras
2817 3582 2986 3648 prae·

884 3669 916 3696 “
960 3661 1202 3740 standi,
1246 3666 1317 3728 et
1351 3661 1643 3747 jurandi,
1691 3666 2124 3750 statuumque
2151 3668 2531 3729 nostrorum
2575 3663 2982 3729 reformatio-

883 3767 919 3797 “
963 3782 1133 3840 nem,
1195 3762 1269 3826 in
1327 3762 1662 3851 integrum
1724 3765 2236 3843 restitutionem,
2303 3762 2332 3803 ⁴
2348 3764 2737 3830 damnorum
2800 3764 2984 3831 aesti-

882 3869 917 3899 “
963 3864 1341 3945 mationem,
1401 3885 1740 3951 expensas,
1808 3871 1879 3933 et
1938 3865 2256 3934 interesse
2301 3866 2661 3954 quodlibet,
2726 3887 2984 3933 necnon

881 3971 918 4001 “
962 3966 1353 4033 beneficium
1397 3967 1832 4034 absolutionis
1875 3989 1993 4034 seu
2022 3968 2449 4035 relaxationis
2493 3989 2537 4033 a
2579 3968 2983 4055 quibuscun-

884 4075 919 4103 “
964 4090 1093 4157 que
1164 4068 1631 4156 suspensionis,
1705 4071 2419 4150 excommunicationis,
2496 4076 2566 4137 et
2626 4071 2981 4150 interdicti,

881 4175 915 4205 “
961 4172 1323 4251 sententiis,
1366 4171 1751 4258 simpliciter
1794 4177 1866 4239 et
1907 4173 1995 4238 ad
2038 4173 2362 4239 cautelam
2405 4172 2692 4260 petendi,
2752 4172 2989 4260 recipi-

881 4276 917 4306 “
964 4272 1138 4352 endi,
1184 4278 1254 4338 et
1297 4272 1659 4352 obtinendi,
1703 4277 1925 4356 testeS,
1967 4275 2246 4358 litteras,
2291 4280 2362 4342 et
2404 4274 2868 4353 instrumenta,
2908 4296 2988 4341 ac

945 4582 962 4615 ¹
985 4581 1219 4635 Diocoeis
1239 4582 1294 4633 in
1316 4579 1431 4633 MS.
2036 4586 2057 4616 ³
2079 4583 2360 4651 calumpnia
2381 4584 2434 4635 in
2455 4583 2569 4636 MS.

942 4664 963 4693 ¹
983 4661 1093 4712 The
1127 4664 1267 4715 word
1301 4662 1416 4715 (Ιίόέ
1456 4677 1632 4714 occurs
1669 4661 1791 4713 here
1824 4661 1880 4712 in
2038 4663 2059 4695 ⁴
2080 4663 2396 4730 dampnorum
2417 4662 2474 4715 in
2494 4661 2613 4716 MS.

875 4739 989 4794 MS.
1009 4760 1025 4801 ς
1059 4739 1102 4792 it
1123 4757 1284 4796 seems
1304 4750 1358 4797 to
1380 4745 1446 4795 be
1465 4749 1553 4797 out
1575 4740 1639 4793 of
1652 4741 1812 4808 place.
