3467 5717
1313 902 1558 954 sANc'rl
1602 903 1878 956 ALBAM.
2510 895 2637 958 325

539 1099 577 1129 “
621 1093 1114 1160 exonerandum
1145 1092 1403 1179 aliquos
1431 1090 1691 1158 Priores
1722 1093 2054 1159 Cellarum
2099 1094 2471 1181 aliquarum
2503 1096 2638 1162 dic·
2665 1107 2801 1159 A.D.
2834 1115 2974 1162 1433.

536 1201 573 1231 “
617 1200 690 1261 to
718 1196 767 1262 J
767 1195 1032 1276 ohanni,
1065 1217 1245 1261 nunc
1287 1194 1544 1260 Abbati
1578 1196 1971 1262 Monasterii
2003 1195 2236 1263 Sancti
2265 1196 2533 1278 Albani,
2567 1206 2635 1265 et

535 1306 573 1373 “,
613 1299 1012 1363 monasterio
1057 1319 1196 1379 suo,
1251 1296 1714 1383 subjectarum,
1777 1298 1859 1365 de
1904 1298 2287 1365 collectione
2330 1304 2402 1366 et
2461 1301 2638 1367 leva-

530 1406 566 1436 “
612 1401 797 1467 tione
870 1400 1248 1468 medietatis
1310 1400 1579 1467 decimae
1652 1400 2027 1469 antedictae.
2148 1402 2233 1466 In
2296 1402 2481 1488 cujus
2542 1404 2638 1468 rei

526 1508 564 1539 “
609 1504 1084 1583 testimonium,
1132 1503 1425 1591 sigillum
1488 1506 1792 1568 nostrum
1854 1503 2129 1569 fecimus
2198 1504 2327 1569 hiis
2372 1507 2634 1591 apponi.

534 1610 572 1640 ‘⁴
618 1607 870 1671 Datum
913 1606 988 1670 in
1049 1606 1341 1671 manerio
1404 1608 1633 1671 nostro
1697 1605 1780 1671 de
1843 1605 2216 1691 Glyndone,
2263 1606 2479 1692 primo
2526 1606 2636 1672 die

535 1713 574 1743 “
616 1708 858 1775 mensis
886 1708 1211 1790 Januarii,
1241 1729 1417 1773 anno
1450 1706 1722 1772 Domini
1754 1707 2101 1774 millesimo
2145 1707 2170 1746 ¹
2190 1708 2635 1796 quadringen-

534 1814 573 1845 “
618 1810 851 1876 tesimo
895 1810 1225 1877 tricesimo
1269 1809 1490 1893 tertio,
1536 1815 1606 1876 et
1649 1815 1897 1877 nostrae
1954 1809 2413 1877 translationis
2458 1833 2635 1877 anno

533 1916 572 1948 “
615 1912 978 1980 vicesim0.''

620 2021 656 2050 “
680 2015 772 2081 Et
812 2016 1083 2103 insuper
1111 2014 1250 2095 hoc,
1297 2014 1345 2081 J
1347 2014 1638 2081 ohannes
1666 2014 2023 2103 Vampage,
2056 2015 2169 2102 qui
2200 2038 2317 2102 pro
2349 2016 2638 2082 Domino

534 2122 570 2152 “
619 2118 799 2205 Rege
828 2119 1146 2204 sequitur,
1178 2139 1299 2205 pro
1344 2117 1575 2183 eodem
1607 2119 1898 2184 Domino
1926 2118 2106 2205 Rege
2136 2118 2317 2198 dicit,
2348 2124 2428 2184 ut
2454 2118 2640 2204 prius

536 2228 566 2255 “
612 2226 671 2286 et
702 2226 952 2287 coetera.
1048 2220 1140 2284 Et
1169 2220 1347 2305 quod
1378 2219 1691 2306 praefatus
1722 2220 1952 2286 Abbas
1983 2220 2211 2291 Sancti
2242 2220 2487 2285 Albani
2519 2242 2639 2308 pro

533 2329 572 2359 “
616 2322 958 2388 Prioribus
1006 2321 1337 2389 Gellarum
1384 2344 1673 2403 suarum,
1721 2322 1869 2405 sibi,
1915 2328 1995 2388 ut
2039 2323 2438 2410 praedicitur,
2484 2322 2640 2388 sub-

534 2431 570 2461 “
602 2425 954 2513 jectarum,
1003 2424 1367 2512 provisioni
1415 2424 1880 2512 p1·aedictae‚in
1931 2424 2419 2491 Convocatione
2472 2447 2638 2511 prae-

534 2534 572 2564 “
616 2528 798 2594 dicta
839 2527 1051 2603 factae,
1097 2548 1294 2614 super
1336 2527 1512 2593 dicta
1561 2529 1971 2593 concessione
2017 2526 2212 2593 dictae
2258 2527 2640 2593 medietatis

532 2638 568 2669 “
614 2630 884 2697 decimae
912 2631 986 2694 in
1031 2629 1258 2696 eadem
1289 2630 1799 2710 Convocatione,
1847 2650 2063 2695 coram
2094 2629 2370 2716 praefato
2401 2630 2635 2695 Archi-

534 2739 571 2770 “
616 2733 937 2820 episcope,
989 2732 1298 2819 praelatiS,
1345 2736 1414 2798 et
1442 2731 1633 2811 clero,
1682 2729 2049 2798 Provinciae
2079 2732 2430 2818 praedictae,
2475 2739 2637 2799 tunc

534 2842 572 2873 “
618 2835 865 2901 ibidem
911 2834 1370 2915 existentibus,
1418 2855 1551 2899 non
1595 2833 1999 2917 reclamavit,
2045 2835 2469 2914 contradixit,
2519 2858 2639 2902 nec

535 2946 573 2975 “
618 2938 831 3003 eidem
876 2937 1235 3024 provisioni
1280 2957 1583 3023 expresse
1613 2934 1640 2975 ²
1661 2936 1988 3016 dissensit,
2034 2941 2235 3024 prout
2282 2938 2639 3022 praedictus

536 3049 571 3076 ‘⁸
617 3040 807 3105 Prior
849 3039 930 3106 de
962 3040 1271 3125 Bynham
1315 3039 1615 3126 superius
1666 3039 2001 3125 allegavit.
2090 3038 2184 3103 Et
2230 3038 2372 3104 haec
2418 3040 2642 3104 omnia

536 3151 572 3179 ‘⁶
619 3142 975 3230 praedictus
1032 3142 1080 3209 J
1081 3141 1376 3207 ohannes
1427 3141 1759 3229 Vampage
1803 3145 2077 3228 paratus
2136 3146 2239 3206 est
2282 3140 2637 3222 verificare,

532 3252 569 3283 “
614 3244 1152 3333 qualitercunque
1197 3243 1401 3310 Curia
1445 3250 1505 3310 et
1547 3250 1795 3309 coetera.

624 3357 660 3384 “
690 3350 782 3415 Et
827 3348 1185 3436 praedictus
1237 3346 1428 3413 Prior
1473 3348 1556 3413 de
1601 3348 1916 3433 Bynham
1961 3347 2141 3425 dicit,
2203 3345 2379 3432 quod
2424 3347 2642 3412 dictus

535 3458 573 3487 “
618 3451 846 3517 Abbas
893 3450 1122 3517 Sancti
1150 3450 1394 3515 Albani
1444 3472 1563 3537 pro
1594 3450 1934 3516 Prioribus
1978 3448 2307 3516 Cellarum
2352 3470 2636 3529 suarum,

537 3560 572 3589 ‘⁸
618 3553 765 3634 sibi,
812 3559 891 3619 ut
936 3553 1332 3641 praedicitur,
1378 3554 1842 3639 subjectarum,
1888 3551 2252 3640 provisioni
2299 3551 2637 3638 praedictae

537 3664 573 3693 “
619 3657 690 3721 in
717 3656 1206 3747 Convocatione
1230 3657 1563 3743 praedicta,
1597 3657 1668 3720 in
1699 3655 1990 3721 Ecclesia
2013 3654 2390 3721 Cathedrali
2411 3654 2636 3720 Sancti

539 3765 574 3794 “
620 3759 827 3838 Pauli,
865 3759 1242 3838 Londoniis,
1275 3758 1346 3823 in
1379 3758 1630 3824 Warda
1674 3758 1756 3824 de
1789 3757 2184 3845 Faryndone
2216 3756 2417 3838 Infra,
2465 3758 2638 3823 Lon-

535 3869 571 3898 “
617 3862 850 3939 doniiS,
881 3885 1099 3929 coram
1132 3862 1409 3950 praefato
1459 3860 1975 3949 Archiepiscop0‚
2006 3860 2318 3947 praelatui,
2349 3866 2419 3925 et
2449 3858 2635 3939 clero,

536 3972 571 4002 “
617 3965 986 4032 Provinciae
1031 3965 1383 4052 praedictae,
1429 3969 1588 4030 tunc
1634 3962 1885 4028 ibidem
1931 3960 2393 4041 existentibus„
2438 3960 2640 4025 recla-

534 4074 571 4104 “
613 4069 846 4149 mavit,
878 4067 1305 4148 contradixit,
1339 4072 1409 4133 et
1452 4066 1665 4131 eidem
1711 4063 2074 4151 provisioni
2119 4083 2420 4148 expresse
2466 4059 2492 4099 2
2511 4062 2643 4126 dis-

533 4178 569 4208 “
616 4170 867 4248 sensit3
916 4175 1118 4258 prout
1176 4168 1530 4257 praedictus
1590 4167 1781 4256 Prior
1840 4165 1923 4231 de
1968 4164 2281 4251 Bynham
2339 4163 2641 4249 superius

532 4278 570 4309 “
612 4272 992 4360 placitando
1036 4271 1369 4359 allegavit.
1462 4272 1553 4336 Et
1618 4269 1744 4335 hoc
1787 4273 2061 4356 paratus
2124 4271 2225 4333 est
2286 4267 2637 4348 verificare,

535 4381 571 4412 “
617 4374 1155 4461 qualitercunque
1201 4373 1406 4441 Curia
1447 4379 1508 4439 et
1553 4378 1801 4439 coetera.

621 4484 659 4514 “
689 4477 783 4543 Et
827 4478 983 4564 quia
1032 4475 1237 4544 Curia
1280 4475 1432 4540 vult
1479 4474 1838 4541 deliberare
1897 4472 1965 4538 in
2030 4471 2401 4560 praemissiS,
2456 4493 2537 4535 an
2546 4476 2641 4536 te-

536 4586 575 4616 “
619 4602 820 4667 quam
865 4579 1152 4646 ulterius
1193 4583 1256 4645 et
1297 4585 1553 4656 caetera,
1598 4577 1797 4642 datus
1862 4579 1964 4641 est
2029 4574 2170 4641 dies
2212 4574 2321 4640 hic
2364 4573 2641 4661 praefato

599 4861 612 4891 ¹
638 4858 1135 4927 quadrinqentmiuw
1157 4857 1212 4912 in
1236 4858 1349 4911 MS.
1591 4854 1603 4925 Ι
1696 4854 1717 4888 ²
1739 4853 1982 4906 dnh-sentiit
2002 4852 2057 4905 in
2079 4852 2192 4907 MS.
