3467 5717
1312 849 1557 905 SANOTI
1601 848 1874 903 ALBARI.
2525 838 2654 903 395

548 1047 583 1075 “
631 1038 798 1105 fides
855 1037 1158 1127 plenaria
1201 1037 1525 1118 adhiberi,
1585 1038 1685 1102 nil
1745 1037 2051 1104 addendo
2106 1037 2218 1105 vel
2278 1036 2659 1116 minuend0‚
2683 1053 2995 1107 A.D.1434.

554 1146 592 1177 “
644 1140 825 1227 quod
885 1138 1047 1206 facti
1103 1138 1556 1206 substantiam
1630 1140 1948 1205 immutet
2007 1143 2127 1205 aut
2187 1140 2404 1206 variet
2464 1139 2661 1205 intel-

553 1250 592 1280 “
639 1244 888 1309 lectum
945 1241 1229 1328 praefati,
1291 1240 1601 1308 Dominis
1658 1241 1917 1308 Abbati
1988 1245 2059 1308 et
2127 1242 2525 1323 Conventuj,
2588 1263 2664 1307 ac

556 1353 591 1381 “
640 1344 954 1425 Hem-ico,
1013 1342 1509 1431 principalibus,
1571 1347 1694 1410 aut
1768 1362 1996 1410 eorum
2058 1343 2361 1432 legitimo
2435 1364 2665 1430 procu-

554 1455 590 1485 “
643 1446 870 1527 ratori,
925 1466 1042 1512 seu
1093 1446 1520 1533 praesentium
1580 1444 1959 1529 exhibitori,
2012 1445 2222 1526 nobis,
2278 1467 2396 1513 seu
2451 1446 2665 1524 alteri,

558 1557 594 1586 “
638 1550 781 1615 loco
843 1547 1056 1613 nostri
1123 1548 1349 1614 forsan
1421 1547 1495 1612 in
1562 1568 1760 1613 causa
1820 1568 1936 1613 seu
2009 1548 2227 1614 causis
2288 1547 2669 1634 hujusmodi

561 1657 596 1688 ‘⁸
639 1649 1048 1738 surrogando
1080 1649 1393 1716 Auditori
1440 1649 1527 1715 ad
1559 1650 1930 1716 Romanam
1963 1649 2249 1729 Curiam,
2283 1649 2669 1715 deferendas

563 1760 600 1789 “
646 1758 715 1819 et
759 1750 1128 1829 deferenda,
1180 1749 1324 1816 sine
1385 1749 1774 1817 difficultate
1820 1756 1891 1818 et
1949 1751 2468 1818 contradictione
2521 1751 2670 1837 qui-

562 1864 597 1892 “
641 1854 1026 1939 buscunque
1088 1852 1472 1935 exhibeant,
1526 1854 1806 1919 tradant
1863 1853 2087 1935 libere,
2153 1858 2224 1919 et
2286 1853 2669 1940 assignent3

567 1964 602 1995 “
645 1956 983 2024 satisfacto
1026 1958 1254 2021 tamen
1289 1956 1605 2044 primitus
1647 1956 1751 2021 illi
1794 1956 1906 2022 vel
1949 1955 2098 2035 illis,
2129 1956 2237 2022 cui
2277 1956 2388 2021 vel
2432 1956 2674 2041 quibus

567 2067 605 2097 “
650 2058 1013 2125 satisfactio
1057 2056 1260 2123 fuerit
1304 2046 1765 2144 impendenda,
1813 2058 1894 2124 de
1939 2078 2164 2125 eorum
2208 2058 2449 2124 salario
2502 2079 2676 2124 com-

570 2171 608 2196 “
650 2160 923 2248 petenti.
1017 2158 1093 2225 Si
1137 2180 1297 2225 vero
1339 2158 1496 2246 jura
1543 2163 1613 2225 et
1657 2159 2076 2226 munimenta
2124 2158 2505 2247 hujusmodi
2565 2181 2681 2246 per

573 2271 608 2300 “
655 2282 1082 2349 quoscunque
1126 2259 1556 2327 detineantur
1599 2260 2006 2342 abscondita,
2066 2261 2446 2329 detentores
2507 2261 2683 2348 ipsos

574 2372 611 2401 ‘⁴
658 2364 740 2431 ad
790 2363 1211 2444 tradendum,
1245 2366 1314 2428 et
1357 2363 1600 2429 habere
1642 2363 1923 2431 scientes
1952 2364 2040 2431 ad
2082 2364 2514 2431 revelandum
2561 2363 2684 2428 hu-

572 2476 607 2505 “
642 2465 938 2555 jusmodi
958 2466 1118 2552 jura
1147 2470 1218 2531 et
1260 2465 1694 2545 munimenta,
1731 2466 2131 2533 auctoritate
2159 2471 2408 2546 nostra,
2438 2465 2465 2504 ¹
2482 2465 2685 2530 immo

572 2578 612 2607 “
656 2568 895 2647 verius,
930 2567 1335 2655 Apostolica,
1367 2588 1486 2655 per
1514 2589 1857 2634 censuram
1902 2567 2421 2646 ecclesiasticam,
2469 2566 2688 2654 appel-

578 2679 616 2708 “
661 2669 910 2736 latione
969 2668 1356 2757 postposita,
1418 2669 1844 2757 compellatis.
1942 2669 2138 2737 Diem
2199 2691 2358 2736 vero
2416 2667 2687 2755 requisi·

576 2779 614 2811 “
659 2773 919 2839 tionum
981 2776 1053 2837 et
1119 2770 1561 2837 monitionum
1605 2776 1979 2838 vestrarum
2031 2772 2426 2859 hujusmodi,
2487 2776 2690 2857 atque

581 2884 618 2913 “
662 2875 962 2953 formam,
991 2877 1061 2939 et
1105 2877 1359 2958 quanta
1401 2873 1566 2940 fides
1607 2873 1805 2940 dictis
1840 2873 2108 2961 juribus
2153 2879 2223 2941 et
2261 2872 2693 2939 munimentis

585 2984 621 3013 “
665 2976 872 3042 fuerit
931 2973 1330 3052 adhibenda,
1389 2979 1460 3040 et
1528 2974 1842 3061 quicquid
1902 2976 2095 3041 vobis
2164 2978 2461 3041 occurret
2526 2973 2696 3040 rela-

585 3085 623 3115 “
668 3078 851 3144 tione
914 3076 1196 3164 dignum
1259 3075 1335 3140 in
1393 3075 1766 3164 praemissis,
1830 3076 2024 3142 nobis
2086 3098 2204 3164 per
2263 3081 2519 3142 vestras
2584 3098 2700 3163 pa-

587 3186 622 3216 “
665 3184 886 3246 tentes
946 3179 1227 3257 litteras,
1286 3198 1403 3243 seu
1461 3177 1986 3244 instrumentum
2048 3178 2404 3264 publicum,
2466 3178 2701 3243 harum

591 3289 627 3319 ‘⁶
672 3280 906 3348 seriem
950 3302 1070 3346 seu
1122 3278 1646 3368 designationem
1690 3279 1767 3343 in
1820 3300 1890 3345 se
1934 3280 2368 3358 continentes,
2415 3281 2704 3345 remissis

587 3391 628 3422 “
671 3382 1127 3471 praesentibus,
1157 3380 1446 3447 fideliter
1489 3380 1803 3447 intimare
1845 3380 2109 3447 curetiS.
2202 3381 2396 3461 Quod
2443 3381 2502 3447 si
2536 3381 2706 3447 forte

593 3492 630 3524 “
675 3485 1017 3574 praemissa
1060 3486 1283 3551 omnia
1332 3487 1403 3549 et
1464 3483 1741 3571 singula,
1787 3488 1990 3570 prout
2041 3483 2128 3549 ad
2172 3504 2294 3550 vos
2348 3488 2417 3549 et
2460 3506 2587 3562 eos,
2633 3505 2709 3548 ac

595 3598 632 3625 “
675 3593 972 3654 vestrum
1035 3592 1106 3653 et
1181 3607 1410 3653 eorum
1471 3584 1855 3672 quemlibet,
1911 3585 2355 3652 communiter
2421 3587 2531 3651 vel
2608 3585 2710 3650 di-

595 3699 632 3728 “
677 3691 894 3769 visim,
953 3688 1261 3776 pertinet,
1339 3708 1477 3753 non
1554 3687 2079 3774 adimpleveritis
2137 3709 2252 3754 seu
2312 3688 2711 3776 adimpleve-

599 3802 636 3829 “
681 3793 839 3871 rint,
883 3812 961 3857 ac
1005 3787 1340 3855 mandatis
1386 3792 1456 3853 et
1500 3789 1981 3856 monitionibus
2024 3790 2270 3856 nostris
2313 3789 2711 3877 hujusmodi,

601 3902 638 3933 “
683 3904 707 3945 1
727 3895 935 3960 immo
978 3893 1218 3972 verius,
1269 3890 1684 3979 Apostolicis,
1728 3913 1868 3958 non
1910 3891 2269 3979 parueritis
2314 3914 2432 3957 seu
2481 3914 2712 3978 parue-

599 4006 640 4035 “
685 3996 844 4076 rint,
889 4017 1040 4062 cum
1086 3994 1342 4072 effectu,
1397 3998 1518 4059 aut
1569 3993 1826 4080 aliquid
1885 3993 1959 4058 in
2019 3992 2428 4059 contrarium
2487 3993 2717 4061 fecerit

607 4107 645 4136 “
691 4121 808 4165 seu
847 4097 1127 4164 fecerint
1171 4095 1650 4183 quoquomodO,
1697 4093 1960 4182 publice
2005 4091 2033 4133 ²
2049 4098 2118 4160 et
2160 4094 2428 4174 occulte,
2476 4095 2720 4162 directe

608 4207 643 4239 “
687 4200 798 4266 vel
855 4197 1198 4276 indirecte,
1241 4219 1364 4263 nos
1422 4197 1496 4262 in
1554 4218 1676 4262 vos
1735 4200 1807 4262 et
1859 4216 1983 4276 eos,
2031 4216 2109 4262 ac
2152 4202 2452 4262 vestrum
2498 4203 2568 4264 et
2611 4220 2720 4265 eo-

608 4309 645 4340 “
689 4323 840 4367 rum
901 4299 1278 4388 quemlibet,
1337 4319 1597 4364 necnon
1666 4297 2182 4365 contradictores
2251 4299 2598 4385 quoslibet,
2653 4306 2724 4367 et

608 4410 644 4440 “
688 4402 982 4481 rebelles»,
1041 4400 1445 4488 conjunctim
1507 4405 1577 4465 et
1636 4399 1928 4482 divisim,
1997 4421 2084 4466 ex
2144 4422 2321 4468 nunc
2385 4406 2582 4489 prout
2644 4423 2727 4468 ex

610 4510 648 4542 “
693 4503 914 4583 ³tunc‚
947 4508 1016 4569 et
1062 4525 1147 4568 ex
1191 4507 1355 4567 tunc
1402 4506 1602 4587 prout
1646 4524 1732 4567 ex
1777 4523 1971 4580 nunc,
2004 4503 2435 4587 singulariter
2478 4503 2549 4567 in
2594 4503 2730 4568 sin-

688 4697 705 4730 ι
724 4714 835 4760 ymo
859 4696 914 4746 in
937 4696 1052 4748 MS,
1668 4695 1686 4838 ι
1790 4692 1814 4727 ³
1836 4710 1965 4744 nunc
1986 4693 2041 4745 in
2062 4692 2176 4746 MS.

683 4775 705 4809 2
731 4776 831 4842 Qy.
849 4774 1004 4827 ifnot
1023 4772 1103 4826 vel
1124 4789 1181 4825 or
1203 4781 1306 4826 aut.
