3467 5717
1400 846 1646 898 simon
1690 842 1973 897 mnu.
2618 828 2747 937 167

626 1045 662 1077 “
705 1036 1008 1105 subditos
1066 1058 1220 1104 suos
1280 1057 1430 1103 cum
1495 1034 1591 1101 eis
1643 1033 1989 1122 negotiari,
2034 1032 2470 1122 permiserint,
2517 1034 2736 1122 poenis
2757 1048 3066 1103 ·A.D.1423.

625 1150 659 1177 “
704 1147 774 1209 et
816 1139 1358 1207 damnationibus
1416 1143 1651 1231 contra
1706 1137 2050 1204 haereticos
2108 1139 2537 1226 promulgatis
2597 1139 2736 1205 fore

624 1253 659 1281 “
703 1244 1045 1325 obnoxios,
1092 1266 1168 1309 ac
1213 1242 1517 1309 subditos
1551 1240 2009 1329 jurisdictioni
2053 1260 2591 1327 quorumcunque
2627 1242 2736 1328 ju-

624 1355 659 1383 “
703 1347 926 1413 dicum
976 1345 1005 1387 ²
1027 1343 1496 1433 extirpationis
1553 1343 1881 1409 haereticae
1933 1342 2308 1429 pravitatis,
2354 1341 2739 1431 privilegiis,

627 1457 662 1484 “
708 1447 1262 1537 exemptionibus,
1319 1444 1879 1523 immunitatibus,
1941 1443 2147 1509 salvis
2206 1444 2638 1511 conductibus
2697 1469 2740 1511 a

628 1560 662 1588 “
709 1552 1205 1638 quibuscunque
1268 1547 1561 1636 personis
1623 1546 2075 1613 ecclesiasticis
2120 1546 2230 1612 vel
2295 1547 2736 1627 saecularibus,

625 1662 660 1690 “
706 1654 966 1720 etiamsi
1023 1650 1404 1740 pontificali,
1470 1648 1818 1735 imperiali,
1880 1646 1907 1687 2
1924 1648 2160 1727 ducali,
2227 1653 2350 1714 aut
2394 1649 2529 1714 alia
2572 1672 2733 1736 qua-

625 1762 660 1792 “
704 1778 959 1842 cunque
1023 1752 1459 1820 ecclesiastica
1500 1750 1611 1818 vel
1672 1750 1970 1817 saeculari
2030 1749 2469 1838 praefulgeant
2514 1750 2735 1838 digni-

623 1868 656 1895 “
701 1862 860 1939 tate,
908 1856 1224 1924 concessis
1282 1856 1392 1922 vel
1435 1853 1887 1931 concedendis,
1930 1873 2067 1918 non
2125 1852 2544 1920 obstantibus
2588 1855 2736 1941 qui-

622 1970 654 1996 “
698 1960 1095 2048 buscunque.
1173 1959 1473 2045 Insuper,
1503 1977 1732 2022 omnes
1763 1955 2162 2022 Christianae
2191 1956 2527 2043 religionis
2554 1958 2735 2045 prin..

620 2066 657 2099 “
699 2061 874 2149 cipes
917 2084 995 2128 ac
1038 2060 1360 2138 dominos,
1405 2063 1550 2125 tam
1596 2056 2067 2124 ecclesiasticos
2117 2080 2316 2144 quam
2378 2059 2735 2140 saeculares,

622 2171 658 2201 “
705 2161 732 2202 ⁸
748 2164 1056 2230 hortatur
1100 2166 1172 2229 et
1213 2162 1464 2227 invitat
1507 2181 1626 2247 per
1668 2160 1921 2227 viscera
1962 2159 2428 2227 misericordiae
2458 2160 2601 2244 Dei,
2633 2159 2739 2227 4ut

621 2276 656 2303 “
701 2266 789 2332 ad
863 2265 1380 2352 extirpationem
1452 2263 1631 2329 tanti
1695 2284 1815 2349 per
1876 2262 2238 2328 Ecclesiam
2297 2263 2734 2350 praedamnati

625 2374 664 2405 “
709 2366 968 2448 erroris,
1000 2365 1031 2406 ⁴
1049 2389 1202 2433 cum
1232 2365 1416 2432 or’nni
1460 2363 1818 2444 celeritate,
1847 2364 1905 2431 si
1951 2364 2251 2431 divinam
2296 2365 2620 2432 ultionem
2664 2372 2733 2432 et

620 2482 654 2508 “
701 2492 933 2558 poenas
972 2469 1148 2556 juris
1177 2467 1434 2535 evitare
1465 2465 1823 2548 voluerint,
1854 2466 2178 2554 evigilent
2222 2472 2291 2533 et
2335 2468 2728 2535 intendant:

621 2583 655 2611 “
699 2572 1132 2638 nihilominus
1193 2570 1593 2657 “disponens
1652 2570 1794 2639 haec
1856 2569 2103 2637 Sancta
2146 2569 2174 2609 ⁶
2195 2570 2522 2657 Synodu8‚
2575 2576 2732 2636 ante

624 2682 658 2712 “
704 2675 844 2763 ejus
873 2673 1399 2756 dissolutionem,
1430 2695 1628 2761 super
1659 2672 2040 2760 hujusmodi
2070 2673 2314 2740 decreti
2344 2672 2730 2742 executione

625 2788 659 2815 “
703 2777 1023 2847 efficacius
1066 2776 1428 2865 providere.

978 2988 1003 3031 ⁷
1023 2986 1345 3057 Secunda
1393 2985 1764 3056 Ordinatio
1811 2985 2107 3056 concilii
2150 2986 2369 3056 illiue.

714 3119 752 3151 “
770 3113 963 3194 Item,
1005 3112 1148 3180 haec
1191 3110 1439 3180 Sancta
1467 3111 1777 3201 Synodus
1821 3113 2221 3180 sententiam
2249 3111 2729 3180 ⁸damnationis
2753 3118 2954 3172 Second
2967 3122 3065 3174 Or-

623 3224 661 3254 “
706 3220 777 3282 et
822 3214 1389 3282 condemnationis
1437 3216 1512 3281 in
1577 3236 1924 3303 personam
1993 3216 2328 3283 damnatae
2392 3216 2726 3284 memoriae
2751 3185 2963 3305 ffiffi
2976 3255 3063 3307 the

626 3327 662 3357 “
709 3318 896 3384 Petri
955 3317 1036 3384 de
1081 3317 1288 3401 Luna,
1337 3317 1494 3384 olim
1557 3316 1903 3384 Benedicti
1963 3317 2441 3384 Decimi-tertii
2484 3319 2559 3383 in
2609 3340 2728 3384 sua
2752 3319 2965 3438 gpuneil
2986 3322 3045 3373 of

627 3427 663 3458 “
712 3419 1112 3488 Obedientia
1172 3420 1560 3507 nuncupati,
1606 3418 1633 3458 ⁹
1656 3419 2061 3487 schismatici
2105 3424 2174 3486 et
2223 3419 2521 3486 haeretici
2580 3442 2728 3507 pro·
2792 3402 2953 3439 ιω

622 3530 661 3562 “
705 3523 1003 3589 nunciati
1080 3543 1200 3611 per
1251 3522 1572 3591 Sanctum
1633 3522 2142 3590 constantiense
2211 3522 2597 3602 Concilium,
2657 3527 2727 3591 et

622 3636 655 3663 “
701 3625 1169 3691 inhibitionem
1211 3624 1455 3691 factam
1504 3624 1810 3690 omnibus
1853 3629 1923 3692 et
1951 3624 2232 3714 singulis
2273 3624 2524 3693 Christi
2564 3625 2724 3692 fide-

626 3735 663 3766 “
708 3728 888 3793 libus
928 3726 1053 3793 sub
1096 3727 1315 3817 poenis
1357 3727 1662 3795 fautoriae
1709 3724 2132 3795 ¹⁰schismatis
2191 3733 2261 3794 et
2317 3728 2600 3813 haeresis,
2646 3751 2723 3795 ac

623 3840 658 3868 “
701 3828 1100 3919 privationis
1190 3829 1486 3897 omnium
1575 3830 2056 3914 beneficiorum,
2148 3831 2575 3921 dignitatum,
2651 3838 2722 3898 et

625 3941 662 3971 “
705 3933 1048 4015 bonorum,
1095 3932 1680 4002 ecclesiasticorum
1741 3957 1819 4002 ac
1877 3935 2382 4017 mundanorum,
2430 3940 2501 4002 et
2558 3935 2722 4001 alias

690 4142 708 4175 ¹
731 4140 1433 4208 extirpationem-Concilio.
1717 4143 1805 4193 the
1858 4141 2463 4205 Concilia.-Rat{ficatio
2506 4145 2719 4196 condem-

689 4220 711 4253 2
733 4219 885 4287 rcqali
907 4228 954 4270 et
975 4219 1475 4272 ducali—Concilio.
1711 4222 1929 4272 nationis
1969 4224 2132 4287 sactae
2180 4238 2277 4289 per
2349 4222 2719 4276 constantiense

690 4300 711 4333 ³
734 4299 973 4361 hortatur,
996 4300 1196 4362 invitat,
1216 4308 1264 4350 et
1284 4308 1440 4351 monet
1451 4316 1626 4367 pere-
1718 4300 1991 4354 Concilium
2012 4310 2186 4354 contra
2197 4302 2398 4354 Petrum
2413 4303 2652 4370 deLuna,
2671 4315 2717 4357 et

630 4378 870 4431 Concilio.
1711 4383 1999 4448 aqyravatio
2014 4390 2185 4434 contra
2197 4382 2506 4435 succedentes
2526 4392 2577 4435 et
2592 4402 2715 4451 par-

688 4460 708 4491 ⁴
731 4459 954 4512 Omitted
974 4459 1029 4509 in
1050 4460 1136 4510 the
1165 4457 1405 4511 concilia.
1711 4462 1984 4526 ticipantes.

685 4539 708 4571 ⁵
730 4539 1035 4604 disponentes
1079 4539 1132 4589 in
1181 4538 1296 4591 MS.
1323 4559 1337 4599 ;
1375 4539 1629 4589 corrected
1779 4540 1801 4571 ⁸
1824 4539 2184 4607 dampnationis
2204 4548 2255 4591 et
2273 4542 2711 4609 condempnationis

620 4619 752 4669 from
774 4618 862 4668 the
891 4616 1134 4669 concilia.
1710 4619 1763 4668 in
1786 4619 1902 4670 MS.

686 4698 708 4729 ⁶
734 4696 946 4747 Sinodus
967 4696 1020 4746 in
1042 4697 1156 4748 MS.
1779 4699 1801 4730 ⁹
1823 4700 2089 4751 scismatici
2111 4699 2163 4752 in
2185 4701 2297 4752 MS.

688 4778 710 4815 ⁷
731 4778 844 4830 The
881 4777 1142 4843 following
1179 4778 1287 4828 title
1324 4777 1366 4827 is
1403 4778 1551 4841 given
1575 4778 1627 4827 in
1783 4778 1823 4811 ¹⁰
1842 4780 2088 4829 scismatis
2110 4781 2163 4831 in
2186 4780 2300 4834 MS.
