3467 5717
821 800 950 864 352
1481 811 1798 863 ANNALRS
1841 809 2266 863 MONASTERII

481 1000 796 1057 A.D.1433.
816 1007 856 1038 “
901 1007 1132 1067 contra
1192 1005 1490 1067 tenorem
1550 1001 1751 1087 regiae
1812 1001 2158 1068 libertatis.
2253 999 2413 1066 Non
2472 1000 2668 1077 enim,
2721 1001 2927 1087 juxta

822 1112 856 1141 ‘⁶
905 1102 925 1140 ¹
953 1104 1447 1181 Carnotensem,
1477 1103 1629 1168 ideo
1660 1104 1967 1191 princeps
2002 1103 2168 1190 legis
2196 1103 2483 1169 nexibus
2513 1105 2758 1170 dicitur
2786 1127 2926 1171 esse

821 1213 854 1243 “
899 1206 1258 1289 absolutus,
1279 1206 1436 1295 quia
1458 1206 1520 1272 ei
1549 1206 1821 1292 aliquod
1842 1207 2166 1293 iniquum,
2189 1211 2310 1272 aut
2338 1228 2477 1273 suae
2507 1207 2926 1293 promissioni

822 1316 858 1345 “
904 1310 1327 1388 contrarium,
1358 1309 1556 1375 liceat
1590 1331 1827 1396 agere3
1879 1309 1907 1347 ²
1928 1309 2045 1375 sed
2090 1310 2248 1395 quia
2276 1310 2432 1376 talis
2477 1309 2744 1376 deberet
2788 1332 2928 1376 esse

820 1418 855 1448 “
901 1413 977 1478 in
1019 1413 1356 1501 regimine,
1403 1412 1521 1499 qui
1587 1433 1725 1478 non
1789 1413 2031 1478 timore
2089 1433 2324 1500 poenae‚
2383 1409 2651 1495 ⁸imm0,
2702 1434 2926 1478 amore

819 1521 858 1551 “
891 1516 1199 1601 justitiae,
1245 1514 1635 1601 aequitatem
1685 1515 2065 1602 percoleret,
2115 1513 2144 1553 ⁴
2163 1514 2465 1601 nihilque
2522 1516 2598 1580 in
2642 1516 2929 1602 negotiis

822 1625 857 1655 “
903 1622 1127 1705 ageret
1178 1617 1479 1705 publicis,
1533 1617 1666 1682 nisi
1728 1617 1906 1704 quod
1964 1617 2226 1682 inducit
2271 1617 2550 1698 utilitas,
2599 1623 2718 1683 aut
2762 1617 2931 1705 legis

821 1728 857 1757 “
903 1721 1185 1807 aequitas
1245 1719 1617 1806 persuadet.
1712 1719 1801 1784 In
1844 1720 2029 1786 omni
2076 1720 2254 1786 enim
2297 1741 2414 1786 suo
2460 1720 2782 1808 regimine
2829 1727 2929 1786 te-

822 1831 856 1858 “
901 1827 1102 1889 netur
1154 1821 1312 1909 ipse,
1355 1820 1714 1888 secundum
1770 1820 1798 1857 ⁶
1817 1821 2177 1909 Hugonem
2238 1828 2255 1857 ‘
2274 1822 2376 1889 De
2443 1822 2927 1905 Sacramentisj

823 1930 860 1962 “
897 1925 1237 2013 justitiam
1319 1923 1666 2012 percolere,
1739 1924 2091 2013 legumque
2173 1925 2361 2012 sequi
2441 1925 2775 2006 instituta,
2850 1947 2929 1992 ac

822 2035 859 2064 “
903 2031 1148 2117 prester
1190 2027 1532 2113 justitiam
1583 2033 1655 2093 et
1702 2027 2091 2114 aequitatem
2136 2026 2353 2092 ‘nihil
2390 2026 2463 2092 in
2502 2026 2777 2093 minimo
2812 2050 2927 2115 ap-

822 2135 858 2168 “
895 2130 1195 2218 probare.
1258 2129 1351 2194 Et
1379 2129 1549 2213 ideo,
1578 2128 1636 2194 si
1665 2128 2114 2196 conditionem
2143 2129 2434 2215 aliquam
2463 2128 2927 2196 rationabilem

823 2239 863 2270 “
906 2233 982 2297 in
1029 2254 1149 2298 sua
1203 2230 1409 2298 Curia
1441 2231 1755 2298 videatur
1796 2230 2173 2313 admittere,
2221 2232 2439 2318 ipsam
2485 2237 2758 2298 tenetur
2810 2231 2926 2297 ob-

823 2340 859 2371 “
905 2356 1166 2402 servare
1214 2334 1560 2423 posterius,
1605 2355 1728 2401 nec
1787 2335 2038 2422 poterit
2096 2333 2346 2421 absque
2407 2335 2927 2423 transgressione

824 2444 860 2474 “
904 2459 1043 2503 suae
1077 2437 1244 2525 legis
1294 2437 1508 2525 ipsam
1550 2437 1625 2501 in
1670 2435 1896 2523 aliquo
1931 2436 2199 2502 violare.
2291 2436 2494 2503 Secus
2546 2442 2775 2502 tamen
2821 2443 2924 2503 aet

819 2547 857 2578 “
904 2541 986 2606 de
1033 2541 1200 2622 aliis,
1253 2545 1454 2628 prout
1502 2539 1667 2607 satis
1717 2538 1890 2606 clare
1936 2540 2166 2607 evidet
2212 2539 2401 2607 oculo
2450 2539 2877 2607 advertentis

845 2771 1218 2861 Responsio
1263 2769 1550 2840 Abbati-9
1590 2771 1686 2840 ad
1727 2771 1988 2841 motiva
2032 2771 2360 2861 Episcopi
2401 2771 2481 2840 N
2474 2774 2894 2861 orugycensis.

485 2917 703 2968 Answer
916 2914 953 2945 “
995 2909 1106 2975 Ad
1165 2909 1452 2997 primum
1503 2908 1837 2976 motivum
1896 2909 2173 2975 Domini
2231 2909 2716 2998 Norwycensis,
2774 2931 2926 2976 cum

484 2984 769 3102 ffli'got
826 3018 864 3049 ‘⁶
909 3012 1292 3100 peripsum
1335 3010 1650 3097 objicitur
1702 3011 1828 3077 sub
1871 3010 2005 3076 hiis
2051 3009 2407 3090 verbis,-⁷
2426 3019 2444 3049 ‘
2469 3011 2592 3078 Ille
2637 3016 2930 3078 meretur

483 3122 539 3165 t0
560 3116 648 3167 the
826 3120 862 3153 “
907 3124 924 3152 ‘
952 3114 1200 3203 regiam
1227 3113 1606 3180 libertatem
1637 3113 1961 3192 amittere,
1988 3112 2105 3200 qui
2135 3113 2383 3179 citatus
2409 3136 2546 3180 non
2575 3119 2927 3201 comparet,

484 3191 773 3300 ffifflem
824 3222 863 3254 “
909 3225 926 3255 ‘
956 3217 1075 3284 ubi
1106 3218 1219 3305 agi
1246 3216 1493 3305 poterit
1525 3216 1606 3282 de
1636 3215 1845 3303 ipsius
1880 3216 2085 3303 regiae
2111 3215 2446 3283 libertatis
2475 3216 2926 3283 renovatione.

483 3315 756 3434 gigaezl‘a’f
826 3326 863 3355 ‘⁴
911 3329 928 3357 ‘
957 3320 1092 3388 Sed
1139 3321 1233 3388 sic
1283 3314 1578 3386 meretur
1623 3318 1812 3384 Prior
1854 3318 2198 3384 Prioratus
2248 3318 2330 3384 de
2390 3319 2721 3405 Bynham,
2772 3319 2931 3406 quia

641 3400 657 3433 ¹
724 3422 736 3435 '
825 3433 860 3461 “
905 3433 922 3461 ‘
952 3425 1198 3491 citatus
1249 3444 1384 3490 non
1435 3421 1807 3508 comparuit
1852 3421 1928 3485 in
1971 3420 2130 3486 cleri
2171 3419 2681 3501 convocatione,
2710 3426 2783 3487 et
2831 3421 2929 3486 ibi

826 3535 863 3563 “
907 3531 924 3562 ‘
955 3527 1066 3615 agi
1110 3525 1360 3614 poterit
1399 3524 1482 3590 de
1521 3524 1720 3611 regiae
1764 3523 2097 3589 libertatis
2136 3524 2929 3610 revocatione‚’——ergo--

821 3634 858 3666 “
905 3628 1343 3715 respondetur
1393 3626 1724 3714 quomodo
1772 3625 1990 3692 minor
2039 3626 2317 3693 rationis
2383 3626 2583 3713 hujus
2631 3626 2922 3692 declinat

824 3738 860 3766 “
904 3731 1070 3796 satis
1100 3751 1425 3818 expresse,
1473 3751 1593 3816 pro
1645 3728 1937 3795 secunda
1966 3728 2072 3794 sui
2110 3734 2317 3816 parte,
2370 3750 2412 3794 a
2458 3734 2643 3794 recta
2687 3729 2930 3794 semita

824 3838 860 3868 “
902 3832 1227 3900 veritatis.
1317 3832 1476 3899 Non
1522 3832 1701 3898 enim
1728 3833 1979 3919 poterit
2032 3836 2153 3897 aut
2207 3830 2419 3897 clerus
2468 3832 2543 3896 in
2583 3853 2705 3897 sua
2757 3831 2930 3897 Con-

822 3940 858 3972 “
900 3936 1248 4003 vocatione
1319 3957 1530 4024 agere,
1591 3933 1831 4001 saltem
1896 3932 2204 4019 juridice,
2263 3933 2352 3998 ad
2427 3935 2929 3999 renovationem

823 4047 860 4077 “
905 4039 1235 4107 libertatis
1265 4039 1483 4128 regiae,
1511 4043 1633 4104 aut
1664 4038 1814 4103 Rex
1841 4037 1915 4103 in
1946 4058 2067 4103 sua
2097 4036 2301 4104 Curia
2328 4036 2403 4101 in
2432 4038 2926 4103 enervationem

889 4242 905 4274 ¹
931 4242 1074 4292 John
1117 4243 1180 4292 of
1214 4241 1495 4310 Salisbury,
1538 4241 1730 4306 Bishop
1775 4239 1839 4290 of
1926 4256 2071 4302 1142.
2137 4251 2418 4304 Referenoe
2460 4251 2506 4303 is
2550 4254 2698 4305 made
2740 4261 2794 4304 to
2846 4252 2929 4303 his

825 4320 1077 4374 chartres.
1920 4324 2126 4383 treatise
2167 4330 2254 4382 De
2280 4329 2619 4383 Sam-amentis
2640 4332 2931 4398 (publisbed

888 4398 911 4432 2
931 4408 1006 4450 set
1025 4401 1079 4452 in
1098 4400 1212 4454 MS.
1918 4409 1973 4461 in
1994 4411 2114 4464 Vol.
2146 4411 2219 4465 Π.
2242 4410 2302 4462 of
2335 4410 2415 4462 his
2434 4413 2603 4464 vorke
2640 4414 2713 4480 by
2734 4413 2932 4479 migne,

892 4478 915 4512 ³
933 4496 1090 4545 ymmo
1110 4479 1167 4531 in
1189 4479 1305 4533 MS.
1917 4489 2087 4556 Paris,
2112 4496 2286 4558 1854).

888 4559 912 4593 ⁴
933 4559 1175 4625 nicht'lque
1196 4559 1249 4611 in
1269 4558 1384 4612 MS.
1986 4568 2009 4602 ⁶
2030 4568 2187 4621 nichil
2204 4570 2260 4621 in
2281 4571 2395 4625 MS.

892 4639 914 4672 ὅ
936 4638 1097 4705 Hugh
1130 4640 1195 4691 de
1238 4638 1383 4692 Saint
1415 4637 1614 4703 Victor,
1633 4653 1666 4690 a
1702 4637 1833 4690 cele·

821 4718 997 4769 brated
1032 4717 1365 4784 Theologian,
1387 4719 1504 4772 who
1541 4719 1662 4773 died
1694 4720 1833 4774 A.D.

1986 4646 2010 4686 ⁷
2032 4647 2130 4701 See
2151 4665 2283 4716 page
2305 4657 2399 4704 331
2426 4659 2558 4706 auce.
