3467 5717
800 800 932 867 406
1471 810 1788 864 ANNALns
1830 809 2258 862 nouAs'rERn

470 1003 612 1058 Am.
639 1008 784 1060 14³⁵.
807 1005 844 1038 “
887 982 1347 1089 suprascriptis
1391 1000 1665 1066 utteris
1708 998 1950 1066 vestris
1978 997 2451 1087 compulsoriis
2494 995 2911 1085 specificans,

806 1109 844 1141 “
879 1104 1084 1190 juxta
1112 1103 1466 1169 earundem
1495 1102 1917 1189 exigentiam,
1939 1102 2377 1190 producerent
2404 1105 2477 1168 et
2505 1099 2914 1180 exhiberent,

808 1215 843 1242 “
889 1207 1248 1294 producive
1277 1211 1347 1273 et
1378 1205 1675 1273 exhiberi
1702 1206 2016 1288 facerent,
2047 1206 2316 1272 realiter
2345 1209 2415 1271 et
2458 1225 2612 1270 cum
2657 1203 2904 1270 effectu

808 1315 845 1346 “
892 1310 993 1375 Ac
1036 1311 1256 1390 etiam,
1286 1310 1465 1396 quod
1509 1310 1762 1390 citaret,
1794 1330 1910 1375 seu
1953 1308 2149 1374 citari
2189 1308 2447 1387 faceret,
2478 1306 2915 1395 peremptorie

810 1418 847 1449 “
893 1411 1248 1501 praefatum
1306 1412 1662 1478 Ricardum
1709 1411 2079 1490 Whitman,
2124 1416 2194 1477 et
2259 1411 2727 1497 Margaretam,
2775 1408 2918 1495 ejus

808 1522 845 1553 “
890 1537 1180 1595 uxorem,
1247 1516 1424 1601 quod
1488 1519 1940 1603 comparerent
2000 1512 2025 1552 ¹
2044 1534 2263 1580 coram
2319 1513 2526 1590 nobis,
2593 1511 2920 1599 Magistro

812 1624 847 1652 “
894 1617 1177 1683 Ricardo
1252 1617 1568 1695 Cordone,
1636 1616 2061 1705 Compulsore
2120 1615 2455 1702 praedicte,
2498 1616 2573 1680 in
2638 1613 2924 1701 praefata

811 1726 845 1755 “
890 1719 1178 1784 Ecclesia
1222 1718 1607 1785 Cathedrali
1636 1717 1872 1784 Sancti
1917 1718 2127 1799 Pauli,
2160 1718 2640 1783 Londoniensis
2683 1715 2712 1752 ⁹
2730 1716 2922 1781 Dioe·

811 1827 848 1856 “
892 1823 1071 1900 cesiS,
1146 1821 1461 1887 vicesimo
1534 1822 1817 1908 septimo
1894 1820 2000 1886 die
2075 1821 2321 1886 mensis
2407 1819 2678 1906 Aprilis,
2743 1818 2917 1903 jura,

808 1932 842 1961 “
889 1925 1166 2003 litterae,
1213 1925 1584 2012 scripturae,
1630 1923 1996 2011 privilegia,
2043 1944 2119 1987 ac
2163 1923 2295 1987 alia
2337 1925 2502 2002 acta,
2546 1922 2917 1999 inactitata,

809 2033 845 2060 “
892 2049 1244 2114 processuS,
1293 2031 1363 2091 et
1405 2027 1822 2092 munimenta
1866 2046 2287 2111 quaecunque,
2321 2047 2538 2090 coram
2581 2024 2774 2089 nobis
2803 2045 2918 2089 ex-

812 2136 849 2165 “
892 2129 1106 2194 hiberi
1134 2154 1150 2210 ;
1196 2150 1451 2194 necnon
1496 2130 1655 2216 ipsa,
1685 2150 1762 2195 ac
1806 2128 1998 2214 signa
2042 2133 2110 2194 et
2155 2128 2373 2215 sigilla
2416 2128 2509 2194 eis
2552 2126 2580 2164 θ
2598 2125 2918 2214 apposita,

809 2239 843 2266 “
888 2231 1101 2296 visuri
1145 2236 1215 2296 et
1258 2231 1678 2319 recognituri,
1743 2252 1820 2296 ac
1883 2231 2297 2316 recognosci3
2357 2235 2427 2296 et
2469 2230 2545 2295 in
2590 2251 2746 2295 casu
2790 2250 2919 2315 quo

811 2339 847 2367 “
890 2339 1135 2420 negata
1179 2334 1444 2416 fuerint,
1493 2332 1916 2421 probationes
1976 2354 2397 2419 quascunque
2455 2332 2784 2420 legitimas
2841 2332 2919 2396 in

809 2441 846 2471 “
890 2435 1015 2501 hae
1057 2440 1248 2523 parte
1294 2437 1663 2501 ministrari
1707 2437 1935 2517 visuri,
1979 2435 2492 2522 hujusmodique
2537 2435 2631 2500 sic
2674 2433 2918 2523 produ-

811 2542 848 2571 “
893 2538 1101 2603 cenda
1145 2544 1216 2604 et
1262 2538 1639 2604 exhibenda
1683 2560 2093 2626 quaecunque
2144 2539 2218 2602 in
2262 2537 2476 2602 forma
2510 2538 2682 2624 juris
2724 2542 2911 2603 tran-

806 2644 843 2673 “
891 2640 1082 2720 sumi,
1114 2639 1470 2705 transcribi
1513 2646 1582 2705 et
1627 2640 2117 2726 exemplificari,
2148 2646 2347 2726 atque
2378 2641 2522 2727 ipsa
2550 2639 2916 2727 originalia,

807 2749 841 2775 “
889 2740 1313 2826 producenda
1372 2746 1442 2806 et
1510 2741 1904 2825 exhibenda,
1969 2765 2120 2808 cum
2183 2763 2409 2808 eorum
2476 2742 2915 2829 transumptis

808 2852 841 2879 “
887 2849 956 2909 et
1001 2843 1500 2931 exemplificatis
1568 2845 1808 2923 debite,
1877 2845 2179 2924 fideliter,
2227 2849 2297 2911 et
2364 2845 2564 2932 plene,
2613 2844 2915 2910 collatio-

809 2955 842 2981 “
890 2947 1056 3028 nari,
1105 2968 1182 3013 ac
1240 2947 1576 3013 decretum
1645 2952 1715 3014 et
1761 2948 2025 3014 decreta
2086 2953 2312 3014 nostra
2379 2969 2774 3035 quaecunque
2833 2948 2917 3012 in

810 3057 846 3085 “
889 3051 1013 3116 hac
1042 3054 1230 3136 parte
1275 3050 1652 3132 necessaria,
1697 3051 1994 3138 legitime
2016 3049 2358 3145 interponi
2404 3055 2475 3116 et
2514 3050 2658 3115 fieri
2702 3049 2919 3116 visuri

810 3157 845 3187 “
891 3158 961 3219 et
1005 3152 1348 3234 auditur13
1391 3153 1798 3239 ulteriusque
1843 3153 2038 3219 dictis
2098 3153 2206 3219 die
2250 3159 2319 3219 et
2361 3153 2518 3232 1000,
2567 3173 2718 3218 cum
2761 3175 2913 3219 con-

807 3260 842 3290 “
887 3254 1265 3320 tinuatione
1342 3259 1411 3320 et
1493 3256 1972 3342 prorogatione,
2048 3258 2249 3343 prout
2316 3256 2702 3342 oportuerit,
2777 3255 2916 3321 die-

809 3363 846 3391 “
890 3379 1040 3422 rum
1108 3363 1177 3423 et
1242 3357 1535 3431 locorum
1598 3362 1759 3424 tunc
1827 3359 2266 3445 sequentium,
2329 3358 2405 3422 in
2473 3357 2780 3423 omnibus
2846 3362 2916 3423 et

806 3466 853 3502 cr
886 3459 1163 3546 singulis
1207 3460 1373 3526 actis
1417 3460 1489 3525 in
1533 3460 1913 3547 hujusmodi
1955 3461 2223 3549 negotio
2268 3460 2722 3548 Compulsorio
2766 3483 2914 3548 gra-

807 3569 841 3597 “
893 3561 1101 3626 datim
1171 3566 1239 3627 et
1315 3563 1674 3628 successive
1742 3563 1963 3628 fienda
2025 3568 2092 3629 et
2157 3563 2479 3641 habenda,
2544 3585 2752 3649 usque
2824 3561 2912 3627 ad

805 3670 839 3698 “
882 3662 1151 3727 finalem
1197 3665 1685 3749 expeditionem
1731 3664 2041 3750 ejusdem,
2083 3665 2403 3731 inclusive
2433 3665 2811 3751 processuri,
2843 3670 2914 3732 et

800 3769 838 3801 “
880 3765 1143 3852 procedi
1184 3766 1393 3831 visuri
1452 3770 1520 3832 et
1565 3767 1904 3848 audituri;
1965 3768 2369 3854 ulteriusque
2413 3768 2653 3834 facturi
2698 3757 2769 3834 et'
2811 3788 2916 3833 re-

803 3873 839 3904 “
884 3866 1140 3956 cepturi
1183 3867 1361 3954 quod
1395 3868 1659 3955 justum
1703 3870 1927 3952 fuerit,
1960 3875 2029 3936 et
2073 3892 2431 3937 consonum
2475 3871 2739 3949 rationi,
2783 3870 2910 3936 hu-

804 3976 841 4008 “
874 3970 1300 4057 jusmodique
1364 3972 1616 4059 negotii
1682 3972 1973 4060 qualitas
2033 3977 2103 4040 et
2166 3978 2410 4039 natura
2452 3973 2908 4061 postulaverit,

799 4079 836 4110 “
882 4096 1032 4140 cum
1062 4074 1557 4141 continuatione
1581 4099 1599 4158 ;
1644 4096 1846 4163 quam
1875 4076 2192 4143 mandavi
2221 4098 2340 4163 per
2368 4075 2622 4143 dictum
2654 4076 2906 4143 Johan-

800 4182 836 4212 “
880 4197 1034 4243 nem
1077 4176 1327 4257 wellis,
1373 4178 1693 4244 nuncium
1739 4183 2038 4245 nostrum
2088 4179 2411 4265 juratum,
2471 4179 2547 4244 in
2590 4179 2907 4246 citatione

798 4283 834 4314 ‘⁶
881 4300 1002 4343 sua
1072 4278 1454 4365 hujusmodi
1526 4280 1673 4346 fieri
1748 4285 1818 4346 et
1891 4281 2292 4363 denunciari,
2371 4280 2550 4350 dicto
2624 4282 2908 4349 Ricardo

796 4385 836 4417 “
878 4379 1245 4461 Whitman,
1294 4386 1361 4447 et
1431 4381 1842 4471 Margaretae,
1902 4385 2191 4450 consorti
2266 4405 2420 4464 suae,
2496 4384 2675 4472 quod
2745 4383 2904 4466 sive,

862 4642 878 4675 ¹
901 4642 1158 4707 Repented
1179 4643 1236 4694 in
1255 4643 1369 4697 MS.
1966 4644 1988 4676 ⁸
2009 4644 2236 4713 opposita
2258 4645 2315 4698 in
2334 4646 2448 4699 MS.

858 4719 1132 4789 JDiocesis
1154 4720 1208 4773 in
1231 4721 1345 4776 MS.
