3467 5717
1287 806 1529 856 saxon
1575 808 1849 857 ALBANI.
2508 796 2633 858 129

622 988 879 1067 Quibus
923 988 1202 1077 scriptis,
1251 996 1321 1056 et
1351 990 1620 1058 Paschae
1653 991 1852 1057 Festo
1886 991 2026 1075 jam
2075 992 2306 1080 elaps0,
2339 993 2633 1059 ascendit
2658 991 2796 1043 AD.
2827 997 2969 1042 ¹423·

535 1091 760 1155 Abbas
825 1091 898 1154 in
944 1113 1136 1156 suum
1202 1114 1463 1177 equum,
1527 1114 1643 1180 per
1709 1093 2203 1179 Picardiamque
2247 1095 2374 1159 iter
2433 1117 2632 1181 agens
2656 1082 2971 1199 353?OE

537 1193 916 1257 Flandriam
962 1194 1171 1271 venit,
1234 1194 1666 1259 Brabantiam
1731 1196 2135 1281 pertransiit,
2190 1198 2633 1283 prosperisque
2658 1215 2808 1294 again
2831 1230 2897 1265 on

532 1295 775 1381 ubique
836 1294 1106 1361 incessit
1167 1295 1481 1383 passibus,
1530 1317 1870 1383 quousque
1931 1299 2190 1363 veniret
2248 1298 2635 1386 Maguntiae‚
2658 1282 2893 1413 ξξγξωβ

529 1418 679 1482 quae
720 1404 820 1463 est
865 1397 1102 1463 civitas
1149 1419 1389 1484 magna
1428 1402 1495 1462 et
1524 1397 1765 1462 fertilis
1809 1398 1883 1462 in
1923 1400 2303 1478 Almannia,
2336 1422 2454 1487 per
2482 1422 2639 1486 qua·

534 1506 689 1565 tuor
750 1499 966 1564 dietas
1010 1499 1191 1563 ultra
1252 1499 1612 1576 Coloniam,
1669 1486 1877 1584 juxta
1939 1497 2285 1566 'Rhenum
2356 1501 2637 1567 fiuvium

535 1601 806 1666 situata.
903 1599 1052 1682 Quo
1096 1622 1244 1665 cum
1291 1601 1431 1686 ipse
1477 1621 1624 1665 cum
1672 1600 1810 1665 suis
1858 1622 2163 1687 prospere
2205 1602 2634 1689 pervenisset,

533 1703 992 1788 invitatusque
1021 1701 1151 1766 fuit
1194 1702 1280 1766 ad
1310 1723 1605 1767 mensam
1650 1724 1693 1765 a
1722 1702 2087 1768 venerabili
2120 1703 2264 1770 viro
2294 1704 2633 1770 Cardinali
2660 1723 2744 1774 He
2768 1725 2813 1773 is
2835 1731 2910 1774 at-

533 1805 934 1887 Placentino,
966 1804 1079 1889 qui
1125 1802 1284 1868 illuc
1327 1825 1446 1890 pro
1476 1804 1947 1879 reformatione
1991 1804 2298 1873 Ecclesiae
2346 1806 2635 1892 Legatus
2658 1791 2935 1906 ζξξξᾰοζῖ

528 1931 574 1971 a
615 1907 816 1975 latere
861 1906 1099 1971 missus
1141 1904 1381 1986 fuerat,
1427 1927 1503 1970 ac
1547 1904 1620 1970 in
1668 1928 1746 1972 ea
1793 1907 2174 1992 sumpsisset
2226 1908 2454 1973 Abbas
2498 1905 2635 1975 ²re-
2658 1893 2900 1985 reaching

532 2009 880 2075 sectionem
927 2009 1011 2074 de
1056 2007 1202 2073 cibo
1247 2013 1584 2087 extraneo,
1616 2012 1688 2072 et
1731 2007 1849 2092 qui
1894 2008 2022 2073 sibi
2066 2010 2432 2075 contrarius
2478 2010 2639 2075 satis
2663 1987 2905 2052 cologne.

528 2116 693 2189 erat,
736 2111 970 2176 statim
1031 2115 1184 2197 post
1242 2108 1665 2174 refectionem
1711 2109 1959 2175 decidit
2017 2110 2088 2174 in
2145 2110 2409 2191 lectum,
2456 2133 2642 2176 man-

527 2215 752 2298 sitque
797 2212 1043 2278 ibidem
1073 2211 1456 2277 febricitans
1499 2211 1788 2296 plenarie
1832 2233 1949 2297 per
1980 2212 2398 2298 quindenam.
2483 2212 2645 2278 Post
2667 2227 2771 2278 But
2791 2241 2914 2277 soon

531 2322 763 2380 tamen
832 2313 1247 2379 tantillulum
1312 2319 1574 2399 tempus
1638 2312 1909 2400 reliquit
1971 2334 2119 2378 eum
2179 2314 2401 2396 febris,
2471 2337 2644 2380 reas-
2667 2295 2977 2423 &12³⁰ss

530 2417 948 2504 sumptisque
994 2415 1266 2495 viribus,
1313 2415 1558 2480 iterum
1606 2416 2034 2501 reassumpsit
2087 2416 2227 2503 ipse
2274 2438 2412 2483 suae
2461 2438 2643 2504 pere·
2668 2427 2854 2483 οεεᾱεε

528 2520 924 2615 grinationis
939 2521 1401 2605 ,interruptum
1434 2540 1614 2606 opus,
1692 2517 2087 2606 Priusquam
2120 2526 2345 2586 tamen
2376 2520 2504 2586 iter
2549 2520 2644 2586 sic
2667 2491 2925 2622 ζῗῗέῃῗῒ

531 2628 802 2708 ruptum
847 2620 1258 2707 rearriperet‚
1304 2642 1421 2708 per
1465 2620 1976 2698 internuncium,
2022 2621 2137 2708 qui
2197 2643 2265 2686 se
2310 2643 2463 2687 casu
2523 2620 2640 2687 ob·
2661 2631 2716 2673 to
2750 2624 2835 2673 the

533 2724 711 2802 tulit,
744 2722 926 2788 aliud
972 2722 1216 2788 iterum
1269 2743 1388 2808 pro
1433 2721 1880 2808 geminatione
1926 2744 2206 2808 precum,
2240 2723 2366 2788 sub
2414 2727 2639 2788 tenore
2662 2690 2916 2740 brethreu.

535 2827 652 2912 qui
696 2826 1011 2912 sequitur,
1060 2824 1246 2889 misit
1291 2823 1608 2905 fratribus
1652 2824 2078 2910 scriptum.——
2436 2830 2447 2835 “

597 2935 666 3009 ‚“
685 2928 768 2993 In
799 2927 1068 2993 Christo
1096 2926 1731 3014 carissimi.—AEgra
1760 2927 1843 2991 ab
1875 2926 2127 3015 origine
2162 2927 2472 2993 humanae
2501 2927 2641 2992 via—
2666 2945 2767 2996 His
2788 2945 2980 2997 Iaetter.

541 3038 577 3066 “
624 3031 823 3095 tionis
881 3031 1244 3117 progressio
1291 3050 1705 3116 nequaquam
1766 3029 1839 3093 in
1901 3050 2038 3095 suae
2090 3029 2308 3095 stadio
2354 3028 2643 3117 peregri-

545 3139 582 3167 “
629 3132 917 3196 nationis
960 3132 1319 3218 perfectum
1367 3132 1548 3197 valet
1601 3153 1863 3197 cursum
1912 3131 2237 3218 perficere,
2285 3131 2415 3196 nisi
2461 3131 2530 3196 Is
2583 3127 2645 3194 ei

542 3243 578 3269 “
626 3235 766 3299 dux
812 3256 947 3299 esse
990 3234 1312 3321 dignetur,
1360 3238 1429 3299 et
1475 3254 1706 3313 eomes,
1751 3234 1868 3318 qui
1914 3232 2227 3298 fortificat
2271 3232 2490 3311 fessos,
2525 3229 2640 3317 qui

545 3344 583 3372 “
627 3336 826 3423 erigit
883 3336 1091 3416 elisos,
1136 3336 1379 3422 quique
1441 3335 1667 3402 devios
1727 3334 1975 3421 dirigit,
2022 3356 2097 3398 ac
2155 3334 2436 3399 directos
2494 3356 2648 3399 con-

548 3447 583 3474 “
630 3438 831 3517 ducit,
894 3438 966 3503 in
1027 3437 1204 3503 viam
1269 3437 1506 3503 salutis
1569 3441 1855 3502 aeternae.
1958 3434 2128 3501 Cum
2197 3436 2406 3522 igitur
2474 3437 2647 3499 tanti

545 3547 581 3575 “
628 3541 812 3606 ducis
876 3539 1258 3626 praesidium
1312 3561 1520 3626 prece,
1566 3561 1697 3603 non
1765 3539 1994 3627 preti0,
2063 3537 2338 3603 conduci
2406 3538 2649 3623 poterit

546 3650 582 3676 “
628 3642 997 3730 promptius
1041 3642 1125 3727 ad
1178 3643 1533 3721 intentum,
1581 3641 1935 3706 fidissimus
1994 3639 2188 3706 nobis
2231 3643 2484 3705 vestras
2544 3662 2646 3703 ro-

546 3752 581 3778 “
625 3767 859 3831 gamus
919 3743 1370 3809 fraternitates
1413 3743 1579 3809 adeo
1640 3742 1960 3809 efficacem
2004 3743 2077 3806 in
2120 3764 2199 3808 ea
2242 3747 2429 3829 parte
2481 3764 2648 3807 mer-

543 3853 581 3882 “
626 3846 849 3912 cedem
895 3847 1241 3933 porrigere,
1286 3852 1616 3932 quatenus
1675 3847 1852 3911 inter
1895 3867 2117 3911 omnes
2182 3846 2307 3910 viae
2359 3846 2649 3930 vitaeque

546 3953 580 3984 ‘⁸
625 3948 824 4034 hujus
868 3949 1227 4014 varietates
1271 3948 1527 4013 salvum
1572 3948 1781 4035 ipsius
1810 3968 2186 4013 censeamus
2226 3946 2644 4026 conductum,

545 4055 583 4084 “
630 4049 1061 4136 incedereque
1105 4049 1397 4116 securius
1455 4072 1532 4115 ac
1590 4049 1805 4115 redire
1867 4047 2240 4134 prosperius
2286 4047 2647 4132 poterimus

546 4158 584 4186 “
628 4174 776 4217 cum
824 4152 1052 4218 salute.
1145 4151 1305 4218 Ideo
1349 4151 1598 4217 etenim
1635 4150 1779 4236 jam
1824 4150 2066 4213 iterum
2114 4154 2368 4213 vestras
2413 4147 2647 4213 sollici-

548 4259 588 4289 “
631 4260 852 4318 tamus
893 4254 1360 4332 fraternitates,
1389 4253 1929 4340 geminamusque
1960 4250 2149 4317 vobis
2187 4271 2460 4340 precem,
2495 4250 2651 4336 quia

545 4359 585 4391 “
631 4376 841 4442 nuper
884 4360 1186 4422 nostrum
1232 4354 1579 4443 allidentes
1622 4354 1856 4442 pedem
1902 4353 1986 4419 ad
2048 4359 2324 4441 petram,
2388 4374 2647 4440 passum

550 4463 589 4494 “
634 4457 727 4523 sic
786 4463 1060 4545 ruptum
1120 4457 1471 4535 doluimus,
1515 4457 1691 4542 quod
1751 4477 2120 4543 suspensuS‚
2168 4461 2368 4542 prout
2426 4455 2656 4517 timui-

617 4720 633 4753 ¹
657 4720 851 4771 Renum
872 4721 924 4772 in
946 4720 1059 4774 MS.
1588 4720 1600 4789 Ι
1693 4720 1716 4752 ²
1737 4718 1996 4785 resectione
2017 4718 2069 4769 in
2092 4718 2205 4769 MS.

2364 4814 2391 4862 1
