3467 5717
830 793 961 860 320
1494 807 1815 860 muns
1858 807 2285 862 uoNAstn

488 997 628 1049 A·.D.
656 1003 799 1050 1433.
827 1003 864 1032 “

910 1002 1164 1064 coetera.
1246 997 1449 1063 Unde
1480 1020 1615 1064 non
1642 999 1937 1066 intendit
1966 999 2144 1086 quod
2177 999 2504 1067 Dominus
2534 1001 2684 1065 Rex
2713 1001 2931 1089 ipsum

827 1105 864 1135 “
909 1100 982 1164 in
1025 1101 1151 1167 hoc
1193 1098 1217 1139 ¹
1235 1122 1387 1166 casu
1450 1100 1733 1166 ulterius
1794 1102 2114 1187 impetere
2174 1102 2616 1189 distringitur,
2663 1125 2780 1169 seu
2825 1126 2931 1170 oc-

827 1208 863 1236 “
909 1203 1259 1283 casionare,
1314 1208 1434 1268 aut
1490 1203 1578 1268 ad
1641 1202 2054 1268 reddendum
2120 1202 2250 1268 sibi
2318 1203 2495 1269 idem
2556 1211 2930 1291 compotum

825 1309 862 1339 “
906 1304 1044 1369 ullo
1078 1306 1272 1370 modo
1302 1305 1705 1391 compellere,
1737 1326 1857 1371 seu
1900 1310 2134 1385 artare,
2168 1305 2342 1371 velit.
2389 1348 2394 1353 ·
2437 1305 2531 1371 Et
2560 1308 2731 1392 petit
2750 1307 2934 1391 judi-

826 1411 863 1441 “
907 1406 1101 1485 cium,
1157 1411 1226 1472 et
1284 1407 1462 1492 quod
1519 1405 1679 1495 ipse,
1726 1406 1946 1493 quoad
2003 1407 2359 1493 praemissa,
2412 1407 2499 1472 ab
2557 1406 2679 1474 hac
2727 1408 2933 1475 Curia

824 1512 862 1543 “
907 1507 1328 1589 dimittatur3
1373 1529 1449 1573 ac
1494 1507 1668 1594 quod
1729 1528 2068 1595 processus
2118 1528 2346 1573 versus
2405 1508 2623 1594 ipsum
2684 1509 2758 1574 in
2810 1509 2931 1576 hac

823 1614 862 1644 “
904 1614 1094 1696 parte
1138 1607 1417 1676 ulterius
1459 1609 1720 1675 flendus
1766 1609 2034 1675 omnino
2095 1614 2319 1690 cesset,
2381 1615 2717 1696 praetextu
2759 1633 2928 1698 prae-

822 1716 858 1746 “
904 1711 1249 1776 missorum
1275 1735 1291 1789 ς
1327 1715 1399 1777 et
1427 1711 1606 1797 quod
1632 1711 1836 1777 breve
1867 1711 2143 1778 Domini
2172 1711 2372 1800 Regis
2402 1712 2733 1798 dirigatur
2760 1735 2927 1801 prae-

820 1819 857 1848 “
903 1812 1041 1878 fato
1071 1813 1410 1900 Episcop0,
1439 1813 1525 1879 ad
1556 1814 2014 1899 deputandum
2058 1813 2408 1901 quemdam
2454 1814 2660 1879 alium
2704 1816 2925 1882 virum

820 1918 857 1949 “
903 1914 1338 2001 fide-dignum
1384 1915 1467 1981 de
1510 1915 1680 1981 clero
1724 1938 1864 1983 suae
1895 1913 1922 1954 ²
1940 1915 2276 1997 Dioecesis,
2319 1937 2438 2002 pro
2483 1937 2614 2003 quo
2659 1938 2926 2004 respon-

820 2021 857 2052 “
903 2017 1055 2082 dere
1101 2016 1323 2098 vellet,
1369 2016 1455 2082 ad
1500 2017 1858 2084 levandum
1904 2023 1975 2084 et
2018 2018 2454 2105 colligendum
2500 2018 2745 2084 dictam
2788 2041 2925 2085 me-

820 2125 858 2155 “
902 2118 1217 2184 dietatem
1261 2119 1549 2200 decimae,
1580 2124 1652 2186 et
1681 2120 1966 2186 Domino
2012 2119 2181 2207 Regi
2225 2120 2381 2186 inde
2419 2119 2707 2187 fideliter
2735 2118 2923 2208 ⁸per-

819 2226 856 2255 “
901 2220 1312 2302 solvendum,
1358 2221 1484 2287 sub
1526 2221 1740 2287 forma
1784 2222 2215 2288 concessionis
2260 2222 2565 2308 ejusdem.

908 2329 943 2358 “
974 2324 1086 2390 Ad
1126 2324 1302 2411 quod
1340 2323 1388 2390 J
1391 2323 1683 2391 ohannes
1725 2323 2085 2412 Vampage,
2117 2324 2234 2411 qui
2276 2345 2395 2412 pro
2427 2324 2713 2391 Domino
2744 2324 2924 2414 Rege

817 2432 854 2461 “
900 2425 1223 2513 sequitur,
1267 2446 1387 2513 pro
1431 2426 1658 2493 eodem
1706 2426 1888 2513 Rege
1933 2426 2113 2508 dicit,
2169 2426 2346 2511 quod
2389 2426 2464 2491 in
2516 2426 2922 2495 cancellaria

815 2534 852 2563 “
898 2527 1172 2593 Domini
1219 2527 1418 2615 Regis
1477 2529 1640 2594 satis
1697 2527 1911 2615 liquet
1970 2528 2053 2594 de
2105 2528 2392 2610 recordo,
2439 2550 2554 2616 per
2599 2530 2919 2595 certifica·

813 2635 850 2664 “
895 2629 1145 2695 tionem
1223 2629 1522 2710 Hemici,
1599 2629 2097 2697 cantuariensis
2169 2629 2678 2717 Archiepiscopi,
2739 2631 2917 2717 quod

811 2735 849 2764 “
895 2729 1076 2796 dicta
1128 2730 1448 2797 medietas
1494 2752 1799 2797 concessa
1848 2730 1982 2798 fuit
2033 2752 2150 2819 per
2200 2731 2512 2820 praelatos
2555 2737 2627 2799 et
2670 2733 2916 2799 clerum

811 2836 849 2867 “
897 2830 1278 2899 Cantuariae
1342 2832 1727 2913 Provinciae,
1775 2833 1891 2919 qui
1932 2832 2198 2919 quidem
2245 2834 2435 2899 Prior
2477 2834 2557 2899 de
2600 2834 2913 2920 Bynham

810 2939 846 2969 “
890 2936 980 3001 ad
1033 2940 1196 3002 tunc
1253 2934 1401 3017 fuit,
1447 2940 1518 3002 et
1562 2940 1679 3017 est,
1725 2956 1899 3002 unus
1959 2935 2253 3023 ejusdem
2312 2935 2484 3017 cleri,
2528 2934 2651 3000 sub
2711 2937 2912 3002 certis

809 3041 846 3071 “
892 3037 1125 3119 modis,
1172 3037 1689 3125 exceptionibus,
1735 3048 1805 3103 et
1849 3036 2358 3118 conditionibus,
2389 3038 2462 3103 in
2506 3039 2914 3104 concessione

805 3143 844 3174 “
890 3139 1180 3226 ejusdem
1245 3139 1622 3206 medietatis
1690 3138 1961 3205 decimae
2026 3138 2286 3226 plenius
2348 3139 2708 3206 annotatis.
2825 3139 2914 3207 In

807 3246 844 3276 “
888 3242 1128 3328 quibus
1192 3243 1370 3308 inter
1435 3241 1569 3307 alia
1628 3241 2014 3307 continetur
2075 3241 2168 3307 sic
2189 3247 2321 3306 :—‘
2352 3242 2626 3308 Proviso
2686 3243 2909 3325 etiam,

807 3349 845 3378 “
892 3350 909 3377 ‘
941 3345 1120 3430 quod
1170 3344 1393 3410 nullus
1441 3344 1747 3410 collector
1793 3343 1988 3410 dictae
2035 3343 2414 3410 medietatis
2463 3345 2749 3426 decimae,
2793 3350 2914 3411 aut

750 3514 779 3527 ,,
809 3452 846 3481 “
894 3451 911 3480 ‘
942 3447 1152 3533 partis
1196 3447 1423 3534 ipsius,
1472 3445 1908 3534 deputandus,
1941 3445 2222 3512 obtentu
2267 3444 2557 3532 cujusvis
2601 3446 2913 3512 immuni-

808 3553 844 3581 “
894 3553 911 3583 ‘
941 3548 1106 3613 tatis
1163 3553 1284 3613 aut
1343 3547 1678 3636 privilegii
1730 3547 1916 3634 regii,
1963 3547 2038 3612 in
2092 3568 2170 3613 ea
2226 3554 2416 3634 parte
2464 3550 2747 3614 concessi
2791 3555 2911 3615 aut

805 3654 842 3684 “
890 3654 905 3683 ‘
937 3649 1351 3730 concedendi,
1397 3671 1441 3714 a
1489 3648 1868 3721 collectione
1928 3648 2124 3716 dictae
2180 3648 2560 3715 medietatis
2619 3650 2907 3733 decimae,

802 3754 839 3784 “
887 3755 905 3785 ‘
934 3750 1044 3816 vel
1095 3750 1313 3837 partis
1359 3749 1671 3836 ejusdem,
1723 3755 1921 3836 prout
1965 3750 2182 3837 ipsum
2243 3749 2655 3816 collectorem
2706 3751 2910 3839 depu-

804 3856 841 3888 “
890 3858 906 3886 ‘
936 3851 1070 3918 tari
1113 3851 1483 3940 contigerit,
1515 3851 1947 3937 quovismodo
1986 3851 2226 3918 debeat
2266 3852 2603 3918 excusari.'
2692 3852 2907 3934 Quam

803 3960 840 3990 “
886 3954 1153 4042 quidem
1205 3953 1701 4035 concessionem,
1746 3955 1839 4020 sic
1885 3975 2273 4036 concessam,
2316 3953 2537 4021 dictus
2577 3955 2906 4022 Dominus

799 4064 836 4094 “
884 4059 1033 4124 Rex
1077 4056 1467 4145 acceptavit,
1498 4060 1569 4123 et
1613 4060 1844 4144 postea
1885 4076 2004 4143 per
2046 4056 2249 4122 breve
2293 4077 2506 4140 suum,
2541 4058 2624 4123 de
2661 4058 2905 4145 Magno

801 4165 837 4195 ‘C

797 4269 832 4297 ἐξ

800 4371 838 4401 ‘C

883 4160 1117 4247 Sigillo
1163 4181 1300 4238 su0,
1350 4159 1695 4225 mandavit
1747 4157 2023 4245 praefato
2071 4157 2409 4247 Episcop0‚
2463 4159 2642 4246 quod
2681 4160 2906 4226 collec—

876 4267 1052 4328 tores
1115 4262 1202 4328 ad
1262 4259 1622 4327 levandum
1684 4265 1755 4326 et
1799 4259 2240 4347 colligendum
2286 4259 2533 4326 dictam
2587 4263 2904 4329 medieta-

883 4368 1021 4430 tem
1066 4363 1340 4431 decimae
1400 4364 1474 4428 in
1516 4362 1845 4429 ⁴'Dioecesi
1903 4363 2222 4449 praedicta
2282 4362 2669 4451 deputaret:
2725 4364 2905 4451 quod

861 4648 1268 4702 ¹eam1nMS.
1944 4646 2564 4716 ³persolvendaminus.

859 4727 1340 4782 'Diaeta-'sinus
1945 4725 2410 4782 ‘Dioceeiinlia
