3467 5717
1373 820 1616 873 smcn
1660 820 1933 872 sumn.
2560 803 2692 873 317

581 1016 619 1046 “
658 1009 860 1095 juxta
887 1008 1164 1075 formam
1204 1009 1636 1077 concessionis
1672 1009 1984 1096 ejusdem,
2031 1006 2118 1074 ad
2163 1006 2360 1074 Festa
2390 1007 2689 1094 superius
2715 1017 2855 1069 ΔΛ).
2900 1019 3047 1073 1433,

589 1119 626 1149 “
668 1114 1048 1200 specificata
1120 1112 1435 1178 studeant
1502 1117 1573 1179 et
1652 1116 1888 1178 curent
1944 1110 2229 1177 fideliter
2285 1109 2693 1197 respondere,

589 1223 627 1252 “
670 1221 872 1302 prout
932 1216 1007 1282 in
1066 1215 1313 1282 eisdem
1372 1214 1612 1281 litteris
1669 1212 2152 1281 certificatoriis
2210 1212 2466 1300 plenius
2540 1233 2696 1278 con-

589 1325 628 1356 ‘⁴
674 1319 946 1384 tinctur.

682 1420 963 1507 “Super
1007 1440 1157 1507 qu0‚
1202 1424 1607 1507 praeceptum
1655 1417 1791 1484 fuit
1835 1417 2222 1484 Vicecomiti
2275 1417 2345 1483 N
2347 1417 2701 1484 orffolchlae

593 1528 627 1558 “
673 1527 743 1589 et
792 1521 1187 1601 Suffolchiae‚
1231 1543 1350 1608 per
1400 1521 1599 1586 breve
1646 1519 1773 1586 sub
1833 1519 2052 1607 sig-illo
2104 1519 2304 1606 hujus
2363 1518 2700 1600 Scaccarii,

593 1632 627 1662 “
673 1626 831 1691 dato
883 1623 1402 1711 quarto-decimo
1450 1622 1557 1689 die
1606 1621 1852 1687 mensis
1894 1620 2201 1688 Octobris
2242 1621 2482 1688 ultimo
2535 1642 2702 1708 prae-

591 1733 630 1764 “
678 1728 893 1806 terito,
944 1724 1123 1813 quod
1175 1746 1310 1793 non
1358 1724 1701 1792 omitteret
1747 1729 1807 1789 et
1852 1729 2109 1804 coetera,
2156 1730 2226 1790 et
2272 1723 2702 1809 distringeret

591 1834 627 1865 “
671 1827 1059 1915 praedictum
1108 1827 1402 1893 Priorem
1431 1848 1548 1913 per
1575 1830 1790 1892 terras
1818 1831 1879 1891 et
1923 1831 2177 1904 cadara,
2208 1824 2311 1891 ita
2353 1831 2414 1891 et
2445 1831 2700 1906 caetera,

590 1926 626 1966 “
672 1930 868 1996 modo
928 1929 999 1994 in
1059 1928 1350 1995 crastino
1402 1928 1637 1994 Sancti
1701 1927 1985 1992 Martini
2053 1927 2127 1992 in
2200 1927 2323 1993 hoc
2390 1926 2703 1992 Termino

590 2038 628 2068 “
674 2033 763 2098 ad
813 2030 1226 2098 reddendum
1285 2029 1455 2117 Regi
1508 2036 1885 2116 compotum
1949 2029 2030 2094 de
2075 2029 2292 2117 prima
2348 2029 2706 2095 medietate

594 2140 627 2171 ‘⁴
674 2135 873 2201 dictae
917 2132 1297 2200 medietatis
1342 2131 1633 2199 decimae.
1724 2131 1837 2197 Ad
1882 2151 2079 2217 quem
2123 2130 2301 2197 diem
2334 2130 2707 2197 Vicecomes

592 2243 632 2274 “
676 2236 1051 2302 retornavit
1095 2234 1313 2313 breve,
1361 2239 1431 2300 et
1483 2232 1850 2310 mandavit,
1897 2233 2075 2319 quod
2115 2232 2470 2321 praedictus
2514 2233 2708 2299 Prior

594 2345 634 2376 “
678 2338 1022 2404 districtus
1066 2341 1187 2415 est,
1232 2336 1408 2403 unde
1454 2341 1556 2402 est
1601 2341 1662 2401 et
1691 2341 1943 2414 coetera,
1992 2335 2165 2402 sicut
2212 2335 2589 2402 continetur
2633 2336 2708 2400 in

592 2446 629 2477 “
674 2440 1166 2505 indorsamento
1210 2438 1503 2524 ejusdem
1565 2437 1784 2503 brevis
1844 2437 2048 2524 quod¹
2082 2442 2183 2503 est
2243 2438 2319 2502 in
2377 2436 2402 2476 ¹
2420 2437 2708 2525 ligatura

593 2549 632 2580 “
671 2541 977 2608 brevium
1022 2541 1104 2607 de
1147 2542 1271 2607 hoc
1309 2539 1634 2618 Termino,
1667 2540 1743 2604 in
1788 2540 1857 2605 N
1858 2539 2200 2605 orffolchia
2228 2545 2299 2606 et
2326 2539 2704 2609 Suffolchia.

686 2649 720 2680 “
742 2643 835 2709 Et
877 2642 1055 2710 idem
1086 2641 1279 2707 Prior
1307 2641 1392 2707 ad
1441 2641 1725 2707 eundem
1770 2641 1948 2706 diem
1978 2641 2167 2706 venit
2195 2663 2312 2729 per
2340 2641 2703 2708 Hem-icum

596 2750 634 2783 “
681 2745 1004 2832 Lyndebi‚
1048 2748 1461 2811 attornatum
1521 2765 1761 2824 suum3
1829 2747 1900 2809 et
1959 2743 2125 2809 dicit
2184 2743 2363 2830 quod
2419 2743 2559 2831 ipse
2618 2744 2706 2809 ad

598 2852 636 2884 “
680 2847 1087 2914 reddendum
1149 2845 1437 2911 Domino
1500 2844 1669 2933 Regi
1734 2850 2113 2932 compotum
2191 2845 2274 2911 de
2347 2846 2705 2913 medietate

597 2957 636 2987 “
681 2949 948 3016 decimae
996 2948 1329 3036 praedictae
1373 2946 1657 3013 ulterius
1705 2947 2120 3026 oooesionari,
2167 2969 2283 3014 seu
2343 2948 2426 3015 de
2478 2949 2706 3015 eadem

601 3058 639 3088 “
682 3051 1037 3117 medietate
1066 3051 1338 3116 decimae
1369 3049 1659 3116 Domino
1689 3050 1861 3136 Regi
1904 3056 2300 3136 computare,
2329 3071 2466 3116 non
2495 3050 2707 3119 debet.

611 3160 649 3190 “
699 3153 875 3233 Quia
916 3153 1081 3218 dicit
1125 3152 1301 3239 quod
1348 3151 1678 3217 Dominus
1722 3150 2070 3234 Ricardus,
2114 3173 2327 3239 nuper
2373 3151 2521 3218 Rex
2565 3152 2709 3217 An-

598 3264 636 3295 “
678 3255 854 3343 gliae,
914 3253 1255 3323 Secundus
1298 3256 1453 3340 post
1484 3244 2010 3341 'Conquaestum‚
2055 3275 2176 3341 per
2219 3254 2512 3321 Litteras
2556 3277 2709 3322 suas

598 3363 635 3393 “
682 3356 1022 3434 Patentes,
1055 3356 1180 3422 sub
1212 3355 1458 3443 Magno
1491 3353 1727 3442 Sigillo
1759 3375 1898 3435 suc,
1938 3354 2130 3422 datas
2161 3354 2467 3422 vicesimo
2496 3357 2709 3444 primo

600 3466 635 3498 “
682 3458 791 3524 die
818 3457 1130 3546 Augusti,
1158 3477 1336 3523 anno
1364 3456 1555 3545 regni
1583 3457 1689 3524 sui
1715 3461 1973 3544 quarto,
2004 3458 2398 3526 irrotulatas
2423 3457 2498 3525 in
2527 3460 2556 3498 ⁹
2574 3481 2713 3527 me·

597 3566 641 3599 “
684 3559 1016 3626 morandis
1066 3559 1265 3646 hujus
1312 3556 1652 3639 Scaccarfi,
1704 3559 2036 3642 videlicet,
2088 3559 2268 3627 inter
2312 3561 2585 3629 recorda
2627 3560 2712 3628 de

597 3669 636 3700 “
682 3662 992 3728 Termino
1044 3660 1279 3728 Sancti
1326 3660 1602 3727 Hfflarii
1652 3683 1830 3728 anno
1882 3662 2367 3752 quartoRegis
2412 3663 2710 3745 Homini,

601 3772 636 3802 “
684 3763 932 3831 Rotulo
974 3761 1289 3830 vicesimo
1333 3767 1543 3842 sext0,
1575 3784 1661 3829 ex
1689 3768 1879 3851 parte
1909 3764 2108 3852 hujus
2141 3764 2708 3851 Rememoratoris,

602 3871 640 3904 “
685 3866 771 3934 ob
831 3865 1254 3933 devotionem
1323 3864 1670 3953 specialem
1729 3888 1931 3954 quam
1992 3888 2149 3955 erga
2204 3868 2525 3936 Sanctum
2590 3871 2710 3936 AJ-

600 3976 639 4007 “
684 3969 955 4048 hanam,
985 3967 1013 4006 ⁸
1033 3966 1599 4054 Protomartyrem
1630 3967 1914 4056 Angliae,
1942 3990 2198 4034 necnon
2251 3969 2338 4035 ad
2390 3971 2531 4055 ejus
2575 3993 2713 4037 mo·

603 4077 642 4109 “
691 4070 1079 4152 nasterium,
1111 4071 1185 4135 in
1212 4070 1376 4136 villa
1414 4070 1497 4136 de
1539 4071 1785 4136 Sancto
1837 4070 2101 4136 Albano
2145 4069 2485 4149 situatum,
2534 4073 2707 4158 quod

604 4180 640 4209 “
686 4173 772 4240 de
823 4172 1216 4240 fundatione
1266 4172 1762 4260 progenitorum
1821 4193 2108 4251 suorum,
2167 4175 2238 4238 et
2296 4173 2437 4260 ejus
2494 4179 2714 4261 patro-

605 4280 639 4311 “
684 4279 872 4354 natu,
919 4276 1006 4341 ad
1052 4280 1213 4340 tunc
1266 4273 1523 4355 extitit,
1569 4273 1776 4361 gessit
1815 4278 1886 4340 et
1920 4272 2177 4355 habuit,
2210 4274 2543 4356 concessit,
2591 4298 2712 4364 pro

607 4381 645 4413 “
688 4398 759 4443 se
802 4381 874 4443 et
917 4375 1292 4444 haeredibus
1335 4377 1491 4458 suis,
1537 4377 1781 4443 dilecto
1821 4376 1951 4442 sibi
1995 4375 2069 4441 in
2112 4376 2398 4459 Christo,
2443 4378 2714 4446 Thomae

607 4488 641 4515 “
688 4481 770 4546 de
798 4481 866 4545 la
919 4480 1122 4561 Mare,
1155 4486 1318 4547 tunc
1369 4479 1625 4545 Abbati
1678 4478 2061 4546 monasterii
2112 4479 2431 4567 praedicti,
2459 4502 2715 4548 necnon

684 4682 1016 4749 'Ba’inus
1765 4679 2448 4738 ⁸P101120-amrminms.

674 4760 1283 4815 'mmduninua
1656 4691 1673 4826 Ι
