3467 5717
1394 816 1642 867 sANc'rr
1689 816 1963 869 sumu.
2620 809 2746 871 135

640 1013 674 1041 ‘⁶
704 1027 963 1093 passus,
1008 1008 1259 1094 portus,
1305 1008 1560 1093 pontes,
1605 1006 1933 1085 civitates,
1963 1011 2191 1089 terras,
2237 1012 2304 1075 et
2346 1009 2506 1091 loca,
2539 1009 2743 1078 libere
2769 1020 2908 1075 AD.
2939 1028 3076 1080 1423ι

643 1115 678 1142 “
722 1111 790 1173 et
818 1108 1152 1195 expedite,
1182 1130 1263 1174 ac
1291 1108 1431 1174 sine
1460 1108 1794 1176 solutione
1824 1108 2011 1188 datii,
2040 1110 2321 1198 pedagii,
2339 1113 2447 1178 vel
2470 1113 2742 1200 gabelae,

641 1216 678 1247 “
721 1215 842 1278 aut
858 1210 1041 1278 feudi
1064 1211 1278 1291 navis,
1299 1232 1507 1297 usque
1529 1212 1618 1277 ad
1649 1233 1860 1277 unum
1890 1234 2139 1278 annum
2163 1215 2538 1300 proximum
2558 1215 2748 1282 futu-

643 1322 678 1349 “
721 1335 890 1395 rum,
929 1312 1138 1400 juxta
1180 1313 1450 1379 libitum
1492 1336 1700 1393 suum,
1751 1315 2037 1381 transire
2082 1318 2504 1402 permittatis,
2550 1319 2749 1384 susci-

639 1422 678 1451 “
723 1416 966 1502 piendo
1010 1438 1162 1482 cum
1205 1415 1460 1482 intuitu
1503 1416 1715 1481 nostri
1761 1416 2074 1502 propitiis
2118 1417 2460 1485 favoribus
2503 1441 2745 1487 recom-

641 1527 677 1554 “
723 1519 1012 1585 missum.
1091 1518 1179 1583 In
1206 1538 1482 1604 quorum
1513 1518 1810 1583 omnium
1840 1519 2316 1600 testimonium,
2341 1521 2460 1587 has
2487 1522 2748 1588 litteras

642 1629 679 1656 “
722 1625 982 1688 nostras
1010 1620 1154 1687 fieri
1181 1621 1452 1686 fecimus
1496 1624 1818 1708 patentes.
1910 1621 2164 1688 Datum
2205 1623 2383 1711 apud
2426 1623 2746 1703 Bricium,

639 1729 678 1759 “
722 1744 899 1789 anno
943 1728 1005 1789 et
1046 1721 1334 1789 coetera?

728 1826 874 1908 Quo
903 1825 1087 1891 salvo
1131 1825 1453 1892 conducto
1498 1825 1750 1905 habito,
1777 1825 2021 1892 litteris
2050 1826 2496 1914 fratribusque
2522 1831 2741 1893 trans-
2767 1839 2877 1891 The
2899 1842 3078 1894 Abbot

638 1928 867 2007 missis,
915 1927 1183 1995 recessit
1239 1927 1475 1995 Abbas
1537 1950 1688 1994 cum
1732 1927 1989 1994 familia
2032 1928 2115 1995 de
2159 1929 2436 1995 civitate
2495 1930 2740 2018 Papiae,
2768 1907 2876 1958 leav
2845 1924 2933 1959 ves

636 2031 1004 2118 itinereque
1044 2030 1254 2111 unius
1292 2030 1449 2111 diei,
1481 2052 1632 2096 cum
1675 2030 1968 2111 dimidie,
1999 2052 2116 2117 per
2142 2031 2323 2098 viam
2368 2054 2516 2119 quae
2563 2032 2746 2099 ducit
2723 1973 3023 2106 {roges-3¹
3024 1977 3061 2027 <1

636 2133 818 2199 ultra
858 2133 1193 2199 Tissinum
1224 2136 1295 2199 et
1326 2132 1604 2212 Padum,
1636 2134 1941 2220 pervenit
1972 2133 2362 2217 Placentiae3
2406 2135 2522 2201 ubi
2551 2158 2744 2224 prop-
2769 2110 3027 2228 mm

641 2241 746 2301 ter
808 2235 1057 2302 calores
1120 2239 1281 2301 tunc
1341 2234 1674 2301 ferventes
1717 2258 1788 2301 se
1834 2236 2142 2323 pausavit
2203 2259 2321 2324 per
2379 2243 2525 2304 octo
2586 2238 2745 2304 dies.

639 2337 900 2404 Iterum
947 2344 1169 2403 tamen
1213 2342 1362 2424 post
1405 2342 1667 2425 tempus
1711 2342 1981 2404 tantum
2024 2338 2124 2404 ire
2166 2339 2388 2426 coepit,
2434 2361 2551 2427 per
2590 2341 2747 2406 Par-

637 2462 947 2527 mamque
1019 2461 1098 2506 ac
1173 2439 1512 2506 Mutinam
1583 2440 1717 2505 iter
1791 2462 2012 2527 agens,
2079 2441 2353 2507 tandem
2427 2442 2744 2509 Bononiae

636 2544 873 2610 itinere
916 2543 1126 2609 trium
1171 2542 1428 2609 dierum
1472 2543 1797 2632 pervenit.
1889 2542 2187 2629 Indeque
2201 2534 2217 2551 ⁹
2231 2565 2349 2630 per
2375 2544 2742 2627 Plenoram,

640 2644 1113 2727 Florensolum,
1158 2650 1229 2712 et
1272 2645 1636 2733 Searperise
1680 2650 1955 2726 montes,
2002 2645 2132 2713 iter
2182 2646 2465 2734 arripuit
2508 2669 2741 2714 versus

641 2747 1055 2815 Florentiam.

728 2852 1120 2938 Priusquam
1163 2856 1390 2917 tamen
1448 2851 1538 2916 ad
1598 2852 1767 2917 hanc
1825 2851 2185 2939 ingenuam
2250 2853 2511 2921 veniret
2580 2853 2743 2920 civi-
2769 2862 2941 2927 Hejoi
2943 2880 3004 2915 ns
3025 2880 3057 2915 a

639 2958 866 3036 tatem,
911 2960 982 3021 et
1026 2953 1370 3039 insignem,
1418 2952 1751 3019 Venetum
1803 2954 2173 3040 quemdam,
2218 2954 2440 3021 virum
2493 2964 2742 3042 specta-
2766 2930 3017 2981 vm

641 3057 862 3136 bilem,
891 3058 1326 3146 compositum
1356 3077 1487 3135 ore,
1515 3055 1941 3143 moribusque
1986 3058 2150 3123 satis
2194 3058 2556 3141 conditum,
2586 3081 2743 3125 casu
2767 3078 2834 3113 ου
2857 3063 2946 3114 the

643 3160 718 3225 in
777 3160 1015 3226 itinere
1073 3158 1362 3224 habebat
1420 3157 1550 3225 sibi
1584 3159 1915 3244 junctum.
2008 3160 2074 3224 A
2132 3182 2279 3247 quc,
2341 3166 2492 3249 post
2549 3161 2744 3249 plura
2767 3131 2924 3248 m
2941 3130 3080 3249 ἔξω

642 3261 1153 3339 interlocutoria,
1196 3282 1345 3327 cum
1391 3261 1737 3349 quaesisset
1781 3261 2015 3328 Abbas
2057 3282 2145 3327 au
2197 3263 2487 3349 aliquem
2534 3262 2743 3330 famo-
2768 3271 2931 3380 ἔξω»
2940 3263 3081 3330 gives

641 3388 790 3432 sum
856 3365 930 3429 in
996 3364 1293 3453 partibus
1358 3364 1655 3431 novisset
1719 3363 2068 3444 medicum,
2114 3365 2232 3450 qui
2295 3370 2365 3431 et
2427 3365 2744 3433 calculoso
2770 3393 2916 3446 letter
2936 3398 2998 3447 of

638 3469 838 3535 sciret
897 3489 1286 3546 succurrere,
1334 3472 1404 3534 et
1471 3472 1704 3533 contra
1770 3469 2135 3533 torrentem
2202 3467 2443 3555 patries
2505 3474 2743 3535 aestum
2767 3461 3020 3514 ¹¹²‘¹'⁰‘¹¹¹0·

636 3571 981 3638 itineranti
1027 3570 1109 3636 de
1153 3569 1402 3636 salubri
1461 3568 1803 3657 refrigerio
1845 3569 2205 3657 providere,
2250 3571 2592 3659 respondit
2635 3572 2744 3637 vir
2767 3529 3037 3661 {¹11ng

638 3675 766 3742 iste
807 3695 878 3740 se
922 3674 997 3739 in
1040 3672 1383 3739 Florentia
1412 3673 1673 3739 novisse
1718 3672 2066 3755 medicum,
2098 3675 2215 3760 qui
2249 3674 2381 3741 ista
2419 3674 2742 3742 excellen-
2766 3663 2983 3782 223⁰*

639 3784 746 3843 ter
787 3781 1051 3865 ageret3
1099 3775 1205 3842 cui
1249 3779 1322 3841 et
1365 3776 1507 3862 ipse
1550 3775 1836 3842 libenter
1879 3774 2193 3844 scriberet
2252 3777 2531 3858 litteras,
2577 3801 2741 3866 qua-

639 3884 833 3945 tenus
876 3877 1129 3945 Abbati
1173 3877 1334 3944 illuc
1377 3877 1674 3945 venienti
1719 3883 2101 3960 occurreret,
2144 3884 2217 3945 et
2260 3879 2499 3960 omnia,
2544 3888 2743 3968 prout

637 3985 994 4069 appeteret,
1037 4001 1159 4068 pro
1201 3985 1365 4047 voto
1409 3980 1538 4046 sibi
1602 3980 1810 4049 daret.
1901 3980 2096 4061 Quod
2138 3986 2210 4046 et
2254 3980 2431 4060 fecit,
2474 3980 2744 4047 litteris-

639 4107 765 4171 que
810 4083 986 4150 datis
1029 4082 1367 4149 licentiam
1412 4082 1713 4170 sumpsit,
1760 4086 1832 4147 et
1873 4081 2158 4151 recessit.

731 4188 1060 4254 Veniente
1088 4186 1323 4271 utique
1353 4186 1440 4250 ad
1468 4185 1639 4251 hanc
1682 4185 2027 4251 civitatem
2070 4183 2416 4264 illustrem,
2447 4190 2738 4253 astante-

643 4312 770 4377 que
830 4289 960 4355 sibi
1025 4288 1296 4367 medice,
1367 4287 1451 4353 de
1510 4310 1642 4374 quo
1702 4286 1888 4375 prius
1939 4291 2084 4354 erat
2140 4306 2370 4366 serm0,
2431 4290 2742 4375 quaesivit

641 4392 870 4458 Abbas
931 4391 1015 4457 ab
1077 4391 1224 4479 ipso
1286 4389 1539 4455 medico
1601 4389 1906 4476 quisnam
1950 4394 2096 4454 erat
2138 4390 2246 4455 vir
2292 4389 2406 4454 ille
2448 4390 2744 4471 illustris,

643 4495 912 4582 cujusve
973 4493 1390 4572 conditionis,
1452 4491 1566 4581 qui
1635 4513 1856 4559 secum
1919 4491 1992 4556 in
2058 4491 2174 4557 via
2245 4495 2390 4557 tam
2463 4492 2747 4560 affabilis

642 4599 878 4679 fuerat,
922 4598 1113 4683 eique
1159 4618 1280 4684 pro
1326 4596 1486 4683 ipso,
1532 4595 1649 4683 qui
1695 4595 1803 4659 vir
1847 4598 1991 4659 erat
2040 4598 2401 4691 extraneus
2444 4597 2514 4660 et
2558 4596 2744 4683 igno-

641 4708 753 4767 tus
781 4700 1029 4780 Abbas,
1060 4704 1202 4767 tam
1237 4698 1631 4768 favorabiles
1676 4699 1892 4785 apices
1936 4696 2209 4784 scripsit.
2303 4697 2430 4766 Oui
2458 4699 2749 4766 medicus
