3467 5717
817 731 947 805 376
1464 741 1784 798 Annuus
1828 739 2253 793 uonmnmr

473 948 786 1002 A.D.1434.
816 941 854 974 “
901 957 1020 1024 pro
1074 933 1378 1016 secundo,
1419 937 1490 1001 et
1533 933 1821 1021 reliquos
1868 931 2035 998 duos
2081 930 2224 998 dies
2263 929 2451 997 vobis
2497 927 2825 995 universis
2852 930 2924 993 et

816 1045 852 1074 “
896 1036 1177 1127 singulis
1216 1035 1612 1124 supradictis
1650 1057 1772 1123 pro
1808 1034 2010 1101 tertio
2052 1038 2124 1100 et
2152 1031 2592 1121 peremptorio
2619 1029 2921 1105 termino,

816 1144 852 1177 “
899 1163 974 1207 ac
1026 1139 1393 1206 monitione
1437 1138 1767 1216 canonica,
1813 1134 2264 1224 assignamus3
2308 1134 2410 1201 ita
2452 1139 2696 1213 tamen,
2743 1130 2921 1218 quod

815 1247 851 1279 “
895 1242 973 1307 in
1033 1242 1164 1307 hiis
1223 1241 1627 1329 exequendis
1684 1262 1860 1307 unus
1920 1245 2215 1305 vestrum
2266 1238 2554 1305 alterum
2611 1256 2747 1302 non
2804 1256 2920 1299 ex-

817 1350 852 1379 “
897 1348 1134 1431 pectet,
1189 1364 1310 1410 nec
1368 1365 1542 1409 unus
1593 1364 1714 1430 pro
1773 1342 1907 1407 alio
1961 1361 2030 1406 se
2092 1344 2398 1421 excuset3
2450 1337 2761 1426 praefatos
2803 1335 2850 1401 J
2851 1358 2920 1401 o-

817 1454 851 1484 “
897 1445 1183 1512 hannem
1245 1445 1630 1534 Lyndefeld,
1690 1449 1761 1511 et
1827 1444 2182 1511 Ricardum
2233 1443 2585 1509 Whitman
2642 1463 2721 1508 ac
2778 1441 2920 1527 ejus

817 1555 856 1585 “
901 1554 1285 1629 consortem,
1335 1570 1420 1614 ex
1470 1547 1749 1613 adverso
1796 1547 2206 1635 principales,
2252 1565 2607 1631 omnesque
2658 1543 2826 1609 alios
2852 1548 2920 1609 et

817 1657 852 1685 “
898 1649 1191 1737 singulos
1239 1670 1360 1714 sua
1406 1648 1726 1715 interesse
1772 1653 2102 1737 putantes,
2142 1646 2580 1715 communiter
2607 1646 2715 1713 vel
2747 1646 2918 1712 divi-

816 1757 853 1786 “
897 1750 1040 1830 sim,
1069 1751 1143 1815 in
1187 1772 1416 1817 eorum
1459 1751 1741 1838 propriis
1794 1749 1814 1787 ¹
1831 1751 2145 1839 personia,
2189 1751 2247 1816 si
2291 1751 2586 1838 ipsorum
2629 1769 2916 1837 praesen-

816 1858 852 1887 “
897 1852 1029 1917 tias
1058 1852 1394 1919 commode
1444 1852 1690 1920 habere
1739 1852 2089 1941 poteritis3
2142 1851 2455 1938 alioquin,
2485 1852 2560 1917 in
2602 1850 2911 1939 hospitiis

818 1961 857 1992 “
899 1954 1392 2021 habitationum
1461 1976 1748 2032 suarum,
1795 1955 1854 2021 si
1922 1954 2009 2020 ad
2066 1976 2146 2021 ea
2203 1953 2395 2020 vobis
2438 1959 2629 2020 tutus
2682 1958 2914 2042 pateat

818 2063 854 2093 “
898 2078 1207 2136 accessus,
1266 2078 1343 2123 ac
1406 2057 1766 2144 parochiali
1832 2078 1947 2122 seu
2023 2055 2525 2143 parochialibus,
2596 2057 2720 2122 sub
2783 2077 2915 2142 qua

817 2165 852 2195 “
897 2159 1004 2224 vel
1033 2157 1276 2243 quibus
1320 2158 1574 2245 degunt
1615 2179 1733 2224 seu
1776 2162 2140 2238 morantur,
2185 2157 2473 2225 ecclesiis
2516 2154 2543 2196 ²
2560 2158 2917 2223 summoni-

816 2267 855 2297 “
899 2264 1117 2339 antur,
1162 2262 1236 2325 in
1297 2259 1680 2327 Cathedrali
1739 2258 2202 2342 Lincolniensi,
2251 2280 2328 2326 ae
2386 2259 2743 2346 parochiali
2803 2280 2916 2324 seu

815 2371 853 2398 “
897 2362 1384 2450 parochialibus
1441 2361 1670 2428 aliisve
1717 2361 2019 2441 ecclesiia
2066 2361 2242 2428 infra
2289 2361 2644 2428 Missam-um
2688 2362 2916 2427 solem·

816 2470 852 2500 “
899 2465 1027 2542 nia,
1075 2464 1233 2529 dum
1282 2463 1529 2530 ibidem
1580 2464 1811 2552 populi
1856 2464 2219 2531 multitudo
2265 2465 2353 2530 ad
2427 2464 2662 2530 divina
2727 2462 2915 2528 audi-

817 2570 854 2600 “
899 2565 1085 2642 enda,
1147 2565 1256 2630 vel
1314 2566 1492 2643 alias,
1554 2571 1957 2654 congregata
2025 2567 2268 2647 fuerit-3
2336 2567 2421 2634 de
2477 2566 2721 2654 quibus
2779 2564 2914 2646 ubi,

814 2673 849 2701 “
896 2667 1178 2751 quando,
1240 2671 1312 2731 et
1369 2666 1693 2753 quotiens,
1741 2669 2094 2756 expediens
2146 2668 2364 2749 fuerit,
2417 2674 2501 2748 et,
2548 2691 2670 2757 pro
2727 2673 2916 2756 parte

814 2773 850 2804 ‘⁶
896 2766 1227 2834 dictorum
1272 2767 1710 2835 Dominorum
1766 2770 2052 2837 Abbatis
2098 2776 2167 2837 et
2197 2771 2592 2851 Conventus,
2623 2792 2700 2836 ac
2730 2770 2916 2836 Hen-

816 2876 852 2906 “
896 2870 1028 2948 rici,
1083 2870 1564 2958 principalium,
1611 2872 1841 2961 vigore
1888 2875 2316 2961 praesentium
2362 2896 2551 2961 super
2600 2874 2721 2938 hoc
2770 2871 2912 2937 fue-

813 2979 852 3009 “
897 2972 1046 3038 ritis
1097 2973 1420 3059 requisiti,
1469 2995 1586 3040 seu
1633 2975 1805 3041 alter
1832 2980 2129 3041 vestrum
2179 2974 2381 3042 fuerit
2426 2974 2796 3061 requisitus,
2826 2996 2913 3041 ex

815 3080 854 3110 “
895 3078 1084 3160 parte
1135 3080 1378 3152 nostra,
1430 3073 1677 3142 ”immo
1730 3077 1968 3158 verius,
2025 3077 2422 3164 Apostolica,
2471 3077 2732 3165 publice
2778 3078 2918 3144 alta

815 3181 852 3210 “
900 3180 969 3241 et
1018 3175 1428 3265 intelligibili
1488 3198 1650 3244 voce
1714 3180 2152 3266 peremptorie
2211 3181 2415 3247 citare
2473 3182 2758 3262 curetis;
2819 3180 2918 3246 ita

816 3283 853 3312 ‘⁶
899 3278 1075 3363 quod
1133 3277 1162 3317 4
1183 3278 1536 3345 verisimile
1601 3280 1693 3346 sit
1751 3280 2136 3349 citationem
2195 3287 2491 3349 nostram
2538 3282 2915 3369 hujusmodi

817 3388 851 3416 “
896 3378 983 3444 ad
1036 3401 1262 3447 eorum
1313 3381 1629 3448 notitiam
1675 3385 2058 3471 pervenire;
2112 3407 2197 3453 ne
2274 3387 2355 3453 de
2424 3388 2751 3474 praemisis
2809 3385 2917 3453 vel

814 3488 850 3517 “
895 3481 921 3519 ⁵
943 3481 1119 3546 infra
1154 3482 1348 3549 dictis
1385 3484 1673 3572 aliquam
1718 3488 2165 3574 ignorantiam
2204 3490 2597 3577 protendere
2627 3489 2916 3568 valeant,

812 3587 850 3617 “
895 3604 1010 3647 seu
1057 3583 1262 3649 etiam
1308 3585 1632 3673 allegare3
1681 3612 1844 3675 quos
1894 3613 2015 3658 nos
2056 3613 2293 3674 coram,
2324 3595 2394 3658 et
2432 3614 2660 3658 eorum
2689 3613 2911 3679 quem·

812 3691 847 3718 “
893 3682 1077 3762 libet,
1127 3688 1354 3751 tenore
1406 3691 1837 3774 praesentium
1882 3693 1978 3760 sic
2035 3694 2335 3777 citamus,
2381 3698 2710 3781 quatenus
2767 3715 2917 3759 cen-

814 3790 851 3821 “
897 3783 1137 3850 tesima
1203 3785 1309 3852 die
1366 3793 1517 3875 post
1581 3791 1966 3861 citationem
2011 3795 2406 3883 hujusmodi,
2450 3816 2568 3882 per
2626 3816 2746 3861 vos
2806 3795 2915 3860 vel

815 3895 849 3923 “
893 3887 1176 3954 alterum
1204 3895 1500 3958 vestrum
1531 3893 1625 3960 eis
1646 3895 1907 3977 factam,
1926 3899 2305 3966 immediate
2332 3902 2669 3985 sequente,
2692 3897 2750 3963 si
2774 3897 2915 3963 dies

815 3997 853 4025 “
898 3990 1042 4078 ipsa
1092 3994 1449 4060 centesima
1489 3994 1779 4082 juridica
1822 3998 2045 4081 fuerit,
2085 4006 2155 4066 et
2193 4022 2330 4081 noa
2360 4000 2470 4067 vel
2497 3999 2666 4065 alius
2694 3999 2914 4065 forsan

814 4096 852 4126 “
895 4092 1037 4158 loco
1066 4094 1278 4160 nostri
1310 4100 1751 4186 surrogandus
1777 4100 2082 4181 Auditor,
2113 4102 2202 4168 ad
2237 4103 2393 4190 jura
2430 4101 2768 4168 reddenda
2794 4123 2913 4188 pro

812 4201 845 4228 “
890 4193 1208 4260 tribunali
1237 4198 1612 4279 sederimus,
1641 4201 1751 4267 vel
1777 4203 2062 4286 sederit3
2091 4204 2398 4292 alioquin,
2430 4202 2458 4244 ⁰
2473 4204 2775 4292 proxima
2805 4203 2914 4270 die

821 4376 972 4384 ⁶*
997 4378 1036 4384 —
1063 4378 1220 4385 ...ju—

2434 4387 2521 4393 ..-—
2536 4388 2551 4393 -.
2576 4385 2915 4393 -——-.-——-—

879 4486 896 4520 ¹
910 4488 1142 4551 pat-sonis
1164 4487 1218 4538 in
1242 4490 1355 4542 MS.
1759 4452 1773 4466 ⁶
1976 4494 1997 4527 ⁴
2021 4497 2299 4547 verissimile
2321 4498 2375 4547 in
2395 4497 2509 4549 MS.

880 4564 904 4597 ²
922 4566 1155 4617 sniantur
1175 4568 1231 4618 in
1255 4569 1368 4622 MS.
1978 4575 1999 4604 ⁸
2015 4575 2154 4639 infra
2175 4577 2257 4639 tis,
2279 4575 2591 4642 apparently,
2612 4576 2665 4627 in
2686 4574 2804 4627 MS.

881 4641 1240 4703 maninus.
1973 4653 2423 4717 ι’ρο.ιτι”ιιιαίιιΜΒ.
