3467 5717
840 819 973 887 394
1483 825 1804 893 Annuus
1843 821 2270 876 nomem

502 1028 877 1088 A.D.1434.“
920 1021 1089 1089 alter
1149 1023 1447 1086 vestrum
1508 1016 1713 1083 fuerit
1780 1015 2157 1102 requisitae,
2220 1014 2605 1080 immediate
2670 1037 2943 1101 sequen-

837 1131 875 1161 “
920 1124 1110 1200 tium,
1162 1143 1444 1208 quorum
1489 1141 1609 1186 sex
1653 1119 1912 1184 dierum
1964 1118 2130 1184 duos
2174 1139 2296 1205 pro
2337 1117 2569 1203 prim0‚
2614 1117 2780 1183 duos
2822 1139 2943 1203 pro

842 1235 878 1263 “
924 1225 1223 1305 secundo,
1288 1228 1359 1290 et
1432 1221 1719 1309 reliquos
1781 1221 1946 1285 duos
2031 1220 2173 1287 dies
2226 1219 2420 1285 vobis
2485 1219 2811 1284 universis
2871 1223 2944 1284 et

843 1334 880 1365 “
926 1328 1208 1415 singulis
1249 1325 1648 1413 supradictis
1676 1344 1797 1410 pro
1842 1323 2046 1388 tertio
2091 1328 2162 1389 et
2189 1321 2631 1410 peremptorio
2659 1321 2943 1387 termino

843 1439 882 1495 “.
926 1453 1004 1497 ac
1045 1428 1414 1496 monitione
1465 1426 1780 1491 canonica
1823 1424 2442 1513 assignamus—ita
2477 1428 2721 1505 tamen,
2767 1425 2945 1509 quod

846 1538 883 1568 “
927 1533 1001 1599 in
1043 1532 1175 1597 hiis
1222 1529 1622 1617 exequendis
1655 1549 1829 1593 unus
1861 1530 2161 1592 vestrum
2190 1525 2397 1592 alium
2442 1548 2579 1593 non
2622 1532 2945 1614 expectet,

844 1642 879 1670 “
925 1655 1044 1700 nec
1074 1655 1247 1699 unus
1276 1655 1395 1719 pro
1426 1631 1557 1697 alio
1588 1651 1658 1695 se
1687 1628 2378 1715 excuset‚—praefatos
2398 1627 2739 1710 Dominos,
2771 1628 2950 1695 Prae-

847 1744 884 1773 “
927 1739 1122 1817 Ιειθοε,
1167 1737 1213 1803 J
1218 1736 1455 1817 udiceS,
1505 1733 1849 1813 Officiales‚
1898 1731 2210 1818 collegia,
2243 1731 2571 1819 (kapitula,
2615 1732 2947 1813 NotariOS,

850 1848 886 1877 “
932 1838 1347 1905 Tabelliones
1392 1837 1720 1917 Publicos,
1784 1841 1854 1901 et
1904 1834 2069 1900 alias
2113 1831 2140 1871 ¹
2156 1854 2467 1920 personas
2508 1855 2951 1921 quascunque,

852 1950 889 1978 “
935 1941 1405 2008 ecclesiasticas
1450 1944 1522 2006 et
1551 1939 1916 2019 saeculares,
1949 1943 2147 2022 atque
2191 1935 2348 2016 loca,
2381 1958 2500 2024 per
2543 1935 2950 2003 exhibitores

851 2054 891 2082 “
933 2042 1362 2131 praesentium
1403 2042 1598 2107 vohis
1639 2038 2095 2117 nominandae,
2142 2038 2594 2120 nominandos,
2627 2043 2699 2105 et
2742 2040 2953 2104 nomi-

855 2153 891 2183 “
936 2145 1175 2227 nanda,
1251 2142 1730 2230 ²personaliter
1802 2140 2151 2221 aocedffls,
2212 2161 2334 2205 seu
2404 2141 2582 2206 alter
2654 2146 2949 2207 vestrum

858 2255 893 2286 “
939 2246 1220 2328 accedat,
1268 2266 1525 2332 eosque,
1570 2266 1695 2325 eas,
1727 2248 1798 2310 et
1843 2265 1942 2324 ea,
1988 2241 2386 2309 auctoritate
2428 2242 2813 2330 Apostolicu
2850 2265 2959 2309 re-

857 2357 894 2388 “
939 2349 1221 2437 quitatis
1280 2352 1349 2414 et
1393 2347 1758 2428 moneatis;
1803 2367 1984 2432 quoe,
2030 2366 2212 2431 quas,
2257 2349 2327 2411 et
2372 2366 2539 2430 quae‚
2585 2366 2708 2411 nos
2751 2347 2955 2412 etiam

858 2459 895 2489 “
940 2458 1170 2518 tenore
1236 2448 1667 2536 praesentium
1736 2446 2134 2534 requirimus
2193 2450 2264 2512 et
2307 2468 2665 2527 monemus
2727 2449 2838 2526 eis,
2885 2452 2956 2512 et

857 2561 895 2592 “
940 2575 1166 2620 eorum
1210 2552 1506 2631 cuilibet,
1552 2551 1626 2615 in
1669 2551 1925 2615 virtute
1968 2552 2217 2615 sanctae
2258 2548 2673 2632 obedientiae,
2718 2558 2788 2617 et
2830 2550 2957 2616 sub

860 2663 896 2692 “
940 2654 1273 2721 similibus
1331 2653 1549 2742 poenis
1629 2651 2086 2738 infrascriptis
2152 2650 2452 2717 districte
2516 2653 2957 2739 praecipiendo

858 2765 893 2793 “
937 2755 1351 2835 mandantes,
1405 2758 1733 2841 quatenus
1777 2753 1954 2818 infra,
1981 2751 2324 2818 duodecim
2369 2752 2622 2819 dierum
2666 2754 2959 2841 spatium

859 2864 896 2894 “
942 2862 1093 2945 post
1136 2856 1567 2923 monitionem
1615 2860 1685 2922 et
1729 2853 2229 2942 requisitionem
2271 2860 2528 2921 nostras
2570 2856 2962 2942 hujusmodi

862 2967 896 2997 “
941 2961 1037 3027 eis
1080 2960 1289 3025 factas
1346 2958 1730 3024 immediate
1790 2957 2228 3043 sequentium,
2288 2978 2563 3044 quorum
2606 2958 2961 3024 duodecim

862 3070 898 3100 “
946 3063 1204 3129 dierum
1254 3065 1544 3149 quatuor
1586 3082 1705 3148 pro
1750 3061 1983 3148 primo,
2031 3064 2321 3147 quatuor
2361 3082 2483 3148 pro
2543 3062 2842 3144 secundo,
2890 3069 2964 3130 et

862 3172 899 3202 “
943 3166 1233 3251 reliquos
1291 3168 1578 3251 quatuor
1619 3160 1647 3202 ³
1673 3163 1832 3242 dies,
1896 3162 2008 3241 eis,
2071 3166 2143 3228 et
2210 3183 2439 3228 eorum
2506 3163 2796 3243 cuilibet,
2842 3188 2965 3252 pro

864 3274 902 3303 “
945 3268 1151 3333 tertio
1197 3272 1267 3333 et
1311 3264 1750 3353 peremptorio
1794 3263 2080 3329 termino
2125 3285 2202 3329 ac
2247 3263 2613 3332 monitione
2656 3269 2969 3333 canonica¹

867 3375 909 3408 “
954 3369 1326 3456 assignatis,
1360 3389 1524 3453 quos
1569 3388 1689 3432 nos
1733 3364 1939 3431 etiam
1984 3366 2397 3455 assignamus
2429 3367 2696 3447 eisdem,
2741 3371 2969 3435 omnia

867 3478 905 3507 “
949 3475 1020 3538 ct
1079 3470 1341 3559 singula
1391 3474 1558 3547 acta,
1620 3467 1918 3546 actitata,
1966 3467 2241 3547 litteras,
2300 3469 2674 3556 scripturas,
2718 3471 2966 3538 instru-

868 3580 905 3609 “
950 3578 1191 3653 menta,
1253 3572 1409 3656 jura
1472 3576 1542 3636 et
1626 3570 2048 3635 munimenta
2132 3571 2471 3657 praedicta,
2558 3593 2826 3638 causam
2899 3579 2969 3639 et

869 3680 907 3708 ‘⁴
949 3695 1177 3739 causas
1237 3672 1619 3760 hujusmodi
1660 3676 2018 3759 tangentes
2081 3678 2150 3738 et
2192 3674 2563 3761 tangentia,
2609 3696 2814 3761 penes
2857 3698 2967 3741 eos

869 3779 906 3811 “
951 3773 1311 3840 existentes
1355 3795 1472 3839 seu
1503 3773 1880 3857 existentias,
1925 3774 2352 3861 originaliter,
2401 3776 2510 3841 vel
2554 3798 2783 3843 eorum
2815 3800 2971 3843 vera

871 3884 906 3911 “
949 3880 1371 3963 transumpta.
1435 3875 1509 3940 in
1573 3897 1799 3941 eorum
1865 3875 2097 3942 formis
2172 3876 2624 3964 originalibus,
2690 3885 2813 3944 aut
2887 3901 2970 3944 ex

871 3986 907 4015 “
955 4000 1180 4045 eorum
1255 3977 1474 4044 notis’
1509 3999 1627 4044 seu
1700 3977 2136 4060 manualibus,
2200 3978 2310 4044 vel
2372 4000 2457 4044 ex
2537 3980 2973 4066 originalibus

873 4088 909 4118 “
954 4080 1352 4168 hujusmodi,
1383 4080 1457 4146 in
1497 4079 1832 4166 publicam
1865 4080 2138 4146 formam
2182 4079 2481 4147 redactas
2519 4102 2636 4147 seu
2678 4082 2969 4159 redacta,

874 4190 912 4220 “
956 4189 1077 4250 aut
1128 4182 1363 4270 sigillis
1405 4181 1766 4249 autenticis
1820 4181 2142 4269 sigillatas
2205 4186 2277 4248 et
2343 4182 2653 4270 sigillata,
2723 4205 2801 4250 ac
2845 4184 2971 4249 sub

876 4292 910 4319 “
958 4283 1207 4350 talibus
1235 4283 1432 4349 modo
1463 4289 1533 4350 et
1560 4283 1788 4362 forma,
1819 4283 1996 4368 quod
2041 4282 2288 4349 eisdem
2333 4284 2407 4350 in
2437 4283 2741 4350 Romana
2770 4285 2976 4352 Curia

877 4392 912 4421 “
959 4390 1029 4451 et
1069 4384 1231 4451 alibi
1272 4385 1345 4449 in
1385 4384 1640 4470 judicio
1690 4389 1762 4450 et
1812 4390 2022 4463 extra,
2068 4386 2307 4451 merito
2355 4385 2580 4452 valeat
2624 4393 2695 4453 ct
2735 4388 2979 4453 debeat

945 4650 960 4682 ¹
977 4666 1226 4714 pao-sonas
1247 4649 1301 4699 in
1323 4648 1439 4700 MS.
2044 4651 2064 4680 ⁸
2084 4651 2202 4701 duos
2247 4652 2293 4702 ie
2324 4651 2547 4703 inserted
2580 4652 2700 4704 herc
2742 4654 2795 4704 in
2830 4656 2976 4715 Ms.;

945 4727 966 4761 ²
981 4727 1299 4792 parsoniliter
1324 4727 1379 4780 in
1397 4729 1511 4781 MS.
1974 4730 2267 4795 apparently
2288 4728 2342 4780 in
2362 4745 2517 4783 error.
