3467 5717
1387 755 1627 809 sANc‘n
1672 756 1948 809 Amin.
2628 747 2711 811 95

615 948 650 980 “
692 945 902 1012 turari
944 946 1027 1011 de
1072 944 1394 1013 virtuosae
1437 946 1867 1013 recreationis
1896 945 1922 986 ¹
1942 945 2217 1034 siliquis,
2257 967 2449 1013 nemo
2492 945 2713 1012 forsan
2742 938 3050 995 ΑΜΒ-12413·

611 1059 644 1086 “
691 1052 818 1119 tibi
863 1052 1099 1144 dabit?
1189 1053 1378 1118 Num
1419 1053 1644 1132 tertiO,
1690 1028 1920 1141 ‘apud
1949 1058 2087 1121 tuae
2138 1054 2461 1141 opinionis
2505 1054 2716 1120 consi-

613 1160 648 1190 “
693 1155 882 1221 miles
945 1177 1051 1222 res
1111 1154 1358 1221 frivola
1417 1155 1642 1234 fedzur,
1688 1161 1810 1221 aut·
1868 1178 2015 1242 spes
2060 1157 2265 1222 dubia
2306 1155 2716 1244 supponitur,

608 1266 643 1292 “
690 1259 826 1336 ubi,
888 1280 1041 1324 cum
1107 1257 1179 1322 in
1243 1258 1458 1345 primo
1520 1258 1622 1324 tui
1691 1279 1988 1325 accessus
2046 1258 2296 1338 limine,
2353 1264 2422 1323 te
2480 1258 2588 1323 vel
2645 1259 2719 1322 in

609 1367 641 1395 “
689 1360 983 1427 Priorem
1051 1359 1354 1441 ecclesiae,
1409 1358 1516 1425 vel
1576 1359 1647 1424 in
1706 1359 2081 1427 Provinciae
2152 1360 2719 1448 Archipraesulem,

608 1469 647 1495 “
695 1462 1072 1547 opinaberis
1141 1462 1322 1549 erigi,
1392 1460 1745 1548 hucusque,
1828 1468 2028 1548 prout
2109 1463 2496 1549 accepimus,
2571 1485 2717 1528 cum

609 1568 649 1598 “
696 1564 1038 1630 exorzistis
1081 1563 1350 1630 stallum
1380 1568 1622 1643 teneas,
1658 1585 1780 1630 nec
1821 1586 2005 1652 spem
2034 1565 2295 1645 habeas,
2343 1570 2460 1629 aut
2497 1565 2715 1644 fidem,

606 1672 645 1701 “
693 1688 825 1751 qua
855 1667 1191 1754 concipere
1220 1665 1442 1731 valeas
1486 1665 1841 1752 aliquando
1871 1667 2198 1734 advenam
2245 1668 2424 1734 inter
2465 1667 2716 1733 incolas

608 1776 642 1801 “
687 1768 772 1832 ad
816 1768 1128 1833 honorem
1177 1767 1448 1834 liberius
1488 1769 1897 1836 manumitti.

698 1878 731 1905 “
763 1869 982 1950 Quare
1042 1892 1212 1957 ergo,
1257 1870 1376 1950 fili,
1435 1871 1598 1937 dum
1657 1871 2001 1938 ethnicum
2059 1872 2238 1938 inter
2295 1872 2548 1952 fratrea,
2591 1874 2716 1938 bu-

606 1976 639 2007 “
683 1972 921 2038 bonem
984 1973 1277 2038 diximus
1340 1973 1518 2040 inter
1580 1974 1896 2055 volucres,
1956 1977 2256 2040 nostram
2300 1974 2721 2041 subridenter

611 2081 645 2108 “
691 2074 1193 2141 similitudinem
1225 2076 1610 2157 admiseras,
1641 2098 1846 2162 quare
1892 2076 2052 2142 dum
2082 2098 2495 2164 gyrovagum
2541 2078 2720 2144 inber

614 2184 647 2211 “
694 2168 1067 2255 monachos,
1121 2199 1389 2253 servum
1459 2179 1847 2245 vocavimus
1914 2178 2093 2244 inter
2159 2178 2416 2261 liberos,
2483 2202 2722 2269 rugosa

612 2285 647 2313 “
690 2278 907 2345 fionte
948 2302 1067 2347 nos
1110 2302 1510 2367 respexeras‚
1552 2301 1887 2367 quareque
1933 2277 1959 2318 ⁸
1980 2281 2412 2370 cespitantem
2459 2283 2534 2348 in
2577 2305 2722 2347 ver-

606 2390 642 2415 “
686 2381 922 2448 borum
965 2380 993 2421 4
1014 2383 1284 2469 phalera.
1329 2384 1403 2448 in
1448 2383 1674 2449 fabula
1716 2383 1951 2470 lupum
1996 2384 2399 2465 notavimus,
2447 2390 2519 2451 et,
2577 2386 2722 2450 vul-

606 2491 639 2516 “
683 2484 979 2570 penulam
1041 2485 1385 2573 arguimus
1444 2487 1518 2551 in
1578 2491 1841 2564 natura,
1885 2490 1968 2552 tu
2020 2487 2206 2572 quasi
2265 2486 2441 2574 aspis
2501 2486 2720 2574 indig-

607 2592 644 2620 “
688 2592 928 2653 nanter
957 2608 1329 2666 recesseras,
1359 2610 1527 2675 quae,
1574 2587 1701 2653 “ne
1744 2609 1974 2654 vocem
2017 2588 2250 2655 audiat
2292 2589 2713 2670 incantantis,

607 2695 643 2722 “
688 2688 770 2754 de
812 2690 1028 2756 cauda
1070 2690 1229 2757 facit
1272 2690 1531 2777 plicam,
1576 2695 1647 2758 et
1691 2689 1966 2757 obturat
2009 2695 2247 2757 aures?

698 2798 732 2826 “
759 2791 869 2857 Ad
914 2813 1180 2857 sensum
1224 2793 1449 2879 igitur,
1480 2791 1597 2870 fili,
1627 2792 1904 2873 rediens,
1952 2792 2134 2859 intra
2184 2794 2500 2861 studiosae
2529 2793 2715 2861 abib-

607 2898 642 2928 “
685 2892 1039 2961 liothecam
1101 2894 1403 2977 rabioniS‚
1469 2895 1809 2982 primoque
1867 2916 2020 2960 cum
2081 2895 2291 2982 logico
2354 2896 2716 2963 dividendo

609 3005 643 3031 “
687 2997 1019 3075 discutias,
1065 3019 1199 3084 qua
1242 2997 1681 3076 conversione,
1714 3018 1800 3063 ne
1844 2997 2141 3063 dicamus
2183 2998 2544 3081 aversione,
2572 3001 2715 3086 jam

609 3104 645 3132 “
689 3100 1108 3182 converteris,
1154 3098 1289 3185 qui,
1321 3100 1403 3165 de
1448 3098 1747 3185 subjecto
1783 3098 1854 3162 in
1897 3098 2328 3184 praedicatum
2371 3102 2715 3179 transiens,

612 3206 648 3234 “
694 3204 847 3287 posi,
888 3201 1287 3287 baptismum
1334 3200 1511 3266 redis
1556 3201 1628 3266 in
1673 3199 1699 3241 ⁷
1718 3199 2279 3282 catechumenum,
2327 3202 2536 3289 deque
2583 3225 2719 3268 mo-

610 3310 649 3337 “
693 3303 905 3368 nacho
962 3302 1035 3367 in
1079 3324 1463 3368 conversum
1515 3301 1846 3390 gradiens,
1885 3301 2129 3366 iterum
2173 3302 2469 3369 novitius
2513 3307 2715 3369 retro-

606 3410 647 3439 “
689 3405 894 3492 grade
937 3405 1284 3492 profiteris.

694 3515 728 3544 “
759 3507 1016 3574 Deinde
1062 3530 1213 3574 cum
1273 3506 1666 3596 philosopho
1727 3505 2180 3593 componendo
2225 3506 2528 3588 diffinias,
2573 3510 2721 3595 qui-

604 3616 638 3646 “
683 3610 809 3675 bus
868 3610 1148 3677 fallaciis
1201 3610 1345 3697 jam
1407 3610 1635 3687 utel-ia
1700 3608 1835 3694 qui,
1883 3613 2130 3695 putans
2196 3614 2266 3675 te
2332 3611 2719 3678 concludere

605 3719 640 3747 “
685 3714 851 3794 aliis,
896 3735 1078 3780 nunc
1125 3714 1224 3779 ita
1269 3716 1573 3799 patenter
1617 3712 1950 3798 deciperis,
1996 3711 2174 3798 quod
2218 3714 2719 3799 proverbialiter

606 3822 643 3848 “
692 3837 840 3879 cum
885 3816 1090 3882 verbo
1137 3815 1387 3881 dicitur
1430 3813 1831 3901 improperii,
1878 3813 2026 3896 tibi,
2072 3813 2189 3891 fili,
2224 3816 2503 3902 jamjam
2565 3839 2717 3882 con-

607 3921 645 3950 “
689 3916 996 3996 cluditur,
1041 3914 1338 4003 beneque
1385 3916 1508 3981 scis
1552 3916 1682 3982 tibi
1728 3914 2045 3981 concludi.

692 4024 735 4055 “
764 4019 989 4084 Tertio
1059 4021 1348 4107 insuper,
1411 4040 1559 4084 cum
1615 4017 1907 4105 juridico
1973 4018 2439 4103 pertracbando
2507 4017 2718 4083 deter-

603 4130 640 4156 “
684 4121 916 4200 mines,
960 4120 1593 4207 determinandoque
1638 4118 1978 4200 deliberes,
2023 4119 2200 4204 quod
2258 4126 2524 4205 pactum
2574 4120 2718 4207 jam

604 4231 637 4258 “
684 4222 1044 4310 infregeriS,
1076 4245 1211 4310 qua
1237 4225 1383 4312 lege
1426 4244 1605 4289 nunc
1642 4222 2062 4309 migraveras
2096 4218 2122 4261 ⁸
2145 4221 2466 4307 quibusve
2496 4230 2719 4289 mente

671 4426 686 4458 ¹
711 4424 852 4476 Luke
874 4444 957 4477 xv.
988 4433 1063 4478 16.
1780 4425 1801 4453 ³
1821 4423 1885 4473 In
1909 4423 2126 4473 allusion
2150 4431 2204 4473 to
2228 4423 2394 4474 Psalm
2417 4423 2537 4475 lviii.
2560 4430 2612 4485 4,
2636 4430 2682 4472 5.

668 4504 691 4537 θ’
711 4513 837 4570 aput
854 4506 906 4555 in
930 4506 1047 4557 MS.
1786 4504 1808 4535 ⁶
1830 4502 2130 4552 bibliotecam
2152 4502 2204 4551 in
2225 4503 2339 4554 MS.

665 4582 689 4615 ³
708 4586 1016 4649 suspicantem
1039 4585 1091 4636 in
1113 4586 1225 4637 MS.
1780 4584 1803 4621 ⁷
1826 4579 2210 4630 cathamminum
2232 4580 2282 4631 in
2304 4583 2418 4635 MS.

668 4662 689 4693 ⁴
696 4663 875 4726 saleru
898 4663 953 4714 in
978 4664 1092 4717 MS.
1786 4662 1808 4693 ⁸
1831 4658 1916 4711 Sic
1940 4658 1991 4708 in
2012 4658 2144 4721 MS„
2163 4660 2216 4711 in
2237 4660 2322 4712 the
2343 4661 2519 4726 plural.
