3467 5717
1330 845 1575 899 smel-1
1621 846 1840 899 Auem
1852 849 1898 901 1.
2320 864 2333 871 -
2521 829 2648 903 379

546 1041 583 1068 “
628 1055 955 1116 revocare,
988 1041 1057 1100 et
1102 1035 1175 1100 in
1220 1038 1471 1101 statum
1512 1032 1869 1121 pristinum
1901 1034 2228 1113 reducere,
2257 1034 2650 1114 curabimuS,
2678 1050 2813 1103 ΑΒ.
2844 1056 2984 1103 ι434.

545 1142 580 1170 “
615 1136 891 1222 justitia
951 1137 1304 1204 mediante.
1420 1136 1617 1202 Diem
1680 1158 1840 1202 vero
1885 1137 2220 1203 citationis
2279 1141 2349 1201 et
2406 1135 2651 1200 inhibi-

548 1244 585 1271 “
627 1239 831 1304 tionis
898 1245 1268 1305 vestrarum
1313 1238 1711 1326 hujusmodi,
1756 1246 1961 1324 atque
2018 1238 2315 1319 formam,
2361 1244 2431 1303 et
2476 1238 2650 1325 quic—

547 1347 585 1374 “
631 1341 792 1426 quid
837 1342 904 1406 in
956 1341 1310 1428 praemissis
1338 1340 1638 1417 feceritis,
1670 1340 1861 1405 nobis
1892 1362 2009 1426 per
2052 1346 2308 1407 vestras
2352 1346 2654 1426 patentes

550 1449 585 1479 “
629 1444 890 1509 litteras
933 1447 1054 1508 aut
1098 1443 1622 1508 instrumentum
1682 1442 2041 1528 publicum,
2106 1442 2342 1508 harum
2402 1443 2651 1520 seriem,

545 1550 586 1579 “
630 1565 747 1610 seu
792 1543 1333 1631 designationem,
1396 1544 1470 1608 in
1514 1564 1582 1608 se
1629 1543 2046 1608 continentes
2107 1543 2248 1608 sive
2291 1543 2653 1622 continen3,

551 1655 585 1682 “
627 1646 913 1711 remissis
957 1645 1410 1733 praesentibus,
1457 1645 1744 1711 fideliter
1790 1645 2100 1710 intimare
2164 1645 2418 1710 curetis.
2512 1645 2652 1709 Ab·

546 1755 583 1783 “
628 1749 1018 1813 solutionem
1065 1768 1223 1812 vero
1288 1746 1583 1813 omnium
1647 1752 1717 1813 et
1784 1747 2211 1833 singulorum,
2257 1746 2373 1831 qui
2417 1746 2654 1832 praefa-

552 1860 586 1886 “
631 1856 770 1916 tam
838 1856 1134 1916 nostram
1201 1850 1596 1916 sententiam
1660 1849 2076 1925 incurrerint,
2123 1870 2238 1913 seu
2280 1848 2651 1927 incurrerit,

553 1960 589 1986 “
634 1952 1112 2039 quoquomodO,
1144 1952 1354 2029 nobiS,
1383 1951 1492 2016 vel
1536 1950 1854 2037 superiori
1899 1955 2143 2028 nostre,
2189 1950 2653 2016 tantummodo

553 2063 588 2089 “
631 2077 1059 2122 reservamus,
1150 2054 1236 2119 In
1266 2075 1548 2139 quorum
1577 2053 1873 2118 omnium
1904 2058 1974 2118 et
1995 2052 2404 2138 singulorum
2434 2052 2652 2131 fidem,

552 2166 588 2194 “
632 2162 701 2222 et
730 2157 1189 2223 testimonium
1242 2156 1745 2243 praemissorum,
1793 2160 2148 2242 praesentes
2190 2154 2469 2235 litteras,
2515 2155 2657 2220 sive

554 2266 593 2296 “
638 2279 924 2346 praesens
968 2257 1306 2345 publicum
1368 2256 1888 2324 instrumentum
1955 2256 2357 2342 hujusmodi,
2399 2262 2658 2322 nostras

555 2369 595 2400 “
641 2362 1024 2428 citationem
1055 2367 1125 2427 et
1167 2360 1633 2426 inhibitionem
1663 2362 1736 2425 in
1768 2382 1837 2426 se
1866 2361 2300 2440 continentes,
2331 2360 2471 2425 sive
2508 2382 2659 2425 con-

554 2473 589 2499 “
637 2465 876 2542 tinenS,
922 2463 1165 2528 exinde
1209 2462 1373 2544 fleri,
1419 2471 1490 2529 et
1534 2484 1652 2549 per
1697 2464 2050 2530 Notarium
2095 2462 2461 2542 Publicum,
2508 2484 2657 2527 nos·

555 2573 590 2602 “
637 2572 945 2650 trumque
995 2570 1067 2632 et
1125 2563 1508 2652 hujusmodi
1569 2586 1785 2632 causae
1845 2587 2065 2631 coram
2127 2564 2319 2630 nobis
2380 2565 2655 2630 scribam

560 2676 593 2703 “
637 2667 1148 2755 infrascriptum,
1219 2667 1544 2732 subscribi
1617 2672 1687 2733 et
1761 2667 2085 2755 publicari
2174 2668 2656 2745 mandavimus,

558 2778 595 2806 “
640 2770 978 2855 nostrique
1053 2769 1255 2857 sigilli
1321 2769 1643 2856 jussimus
1741 2775 1811 2835 et
1886 2770 2162 2836 fecimus
2249 2770 2659 2858 appositione

559 2878 595 2909 “
639 2872 1047 2939 communiri.
1166 2870 1419 2938 Datum
1487 2876 1557 2938 et
1618 2876 1842 2938 actum
1910 2872 2286 2952 Florentiae,
2331 2874 2403 2937 in
2467 2872 2663 2937 domo

556 2982 591 3009 “
639 2973 1072 3041 habitationis
1115 2979 1380 3053 nostrae,
1451 2973 1575 3039 sub
1634 2995 1812 3039 anno
1857 2994 1899 3037 a
1943 2972 2325 3039 Nativitate
2393 2973 2663 3039 Domini

560 3083 596 3113 “
641 3076 987 3144 millesimo
1034 3075 1683 3164 quadringentesimo
1726 3074 2058 3141 triceffimo
2104 3073 2128 3113 ¹
2152 3080 2409 3161 quarte,
2442 3074 2478 3138 Ι
2483 3075 2664 3141 ndic-

560 3187 599 3214 “
647 3178 831 3245 tione
891 3177 1292 3256 duodecima,
1365 3176 1475 3242 die
1549 3197 1707 3242 vero
1776 3175 2071 3257 Sabbati,
2151 3175 2668 3242 decima-octava

564 3288 598 3315 “
644 3280 887 3345 mensis
955 3278 1354 3360 Decembris,
1402 3278 1843 3344 Pontificatus
1909 3277 2174 3365 praefati
2220 3276 2488 3343 Domini
2533 3279 2667 3343 Eu-

558 3389 598 3419 “
641 3382 838 3470 genii,
877 3381 1095 3469 Papae,
1131 3380 1387 3462 Quarti,
1420 3400 1596 3445 anno
1626 3384 1915 3466 quarto;
1956 3378 2394 3467 praesentibus
2421 3380 2667 3445 ibidem

563 3490 598 3520 “
642 3483 938 3550 discretis
980 3482 1161 3563 viris,
1207 3482 1545 3570 Magistris
1596 3482 1895 3547 Gerardo
1941 3481 2219 3548 Mesken
2261 3487 2332 3548 et
2378 3482 2668 3549 Gerardo

564 3593 600 3620 “
646 3585 818 3652 Sant
889 3585 1136 3663 Kanix,
1212 3584 1282 3650 N
1283 3584 1513 3651 otarns
1587 3583 1896 3664 Publicis,
1973 3583 2335 3671 scribisque
2408 3586 2669 3661 nostris,

564 3696 602 3725 “
647 3688 898 3754 clericis
973 3687 1516 3754 Monasteriensis
1561 3683 1587 3724 ²
1607 3686 1928 3752 Dioecesis
2011 3691 2083 3752 et
2145 3685 2670 3775 osnaburgensis

566 3798 601 3826 “
649 3790 984 3871 Civitatis,
1029 3789 1314 3857 testibus
1356 3789 1443 3854 ad
1489 3790 1828 3876 praemissa
1871 3790 2127 3857 vocatis
2169 3789 2559 3876 specialiter,
2602 3800 2671 3855 et

564 3899 599 3927 ‘⁸
645 3889 949 3979 rogatis.'’

656 4001 691 4033 ‘⁴
713 3994 807 4061 Et
865 4015 1004 4082 ego,
1064 3994 1129 4060 N
1133 3993 1378 4060 icolaus
1446 3993 1785 4072 Gherardi,
1842 3993 1927 4059 de
1986 3993 2354 4075 Schiedam,
2404 3994 2670 4059 clericus

567 4106 602 4132 “
648 4086 1082 4184 Trajectensis
1141 4095 1170 4134 ⁹
1189 4094 1528 4174 Dioecesis,
1588 4094 1915 4175 Publicus,
1960 4093 2350 4180 Apostolica
2408 4100 2480 4161 et
2532 4094 2667 4159 Im-

568 4206 605 4236 “
651 4199 886 4286 periali
930 4197 1464 4277 auctoritatibus,
1504 4196 1844 4277 Notarius,
1889 4218 1968 4262 ac
2012 4196 2385 4263 Reverendi
2432 4197 2666 4277 Patris,

568 4308 605 4336 “
649 4301 921 4371 Domini
967 4299 1364 4379 Geminiani,
1412 4298 1626 4366 Electi
1674 4297 2191 4380 Tudertinensis
2226 4305 2296 4366 et
2325 4298 2669 4366 Auditor-is

568 4410 606 4440 “
650 4404 929 4490 praefati,
974 4408 1046 4468 et
1088 4400 1471 4488 hujusmodi
1517 4422 1730 4467 causae
1790 4423 2008 4467 coram
2090 4423 2165 4468 eo
2223 4403 2454 4483 scriba,
2514 4402 2671 4487 quia

634 4612 653 4646 ¹
674 4613 783 4664 The
808 4614 923 4663 date
944 4612 1005 4663 of
1030 4613 1116 4663 the
1147 4612 1345 4663 Lettem
1373 4610 1570 4663 Certifl·
1671 4611 1761 4661 the
1798 4610 1953 4676 14991
1976 4611 2127 4673 Year,
2163 4620 2253 4661 not
2286 4541 2561 4678 beginning
2594 4612 2670 4665 tiu

569 4698 760 4756 caton-y,
796 4691 850 4741 in
883 4708 931 4755 p.
965 4696 1066 4743 383
1093 4698 1242 4756 post„
1285 4689 1340 4740 in
1379 4705 1573 4741 answcr
1673 4689 1761 4740 the
1785 4689 1907 4739 25th
1931 4689 1990 4740 of
2005 4690 2205 4740 March.

568 4771 760 4835 hereto,
781 4770 1035 4836 evidently
1058 4772 1202 4823 bears
1235 4769 1485 4822 reference
1518 4777 1573 4821 to
1739 4767 1762 4800 ²
1786 4767 2047 4819 Diocesis
2032 4784 2085 4819 m
2107 4768 2218 4820 MS.
