3467 5717
845 828 974 892 446
1634 840 1989 890 APPnnmx
2039 826 2166 911 (n).

844 1026 913 1090 et
979 1024 1284 1105 abolita3
1359 1045 1480 1090 nec
1523 1025 1842 1091 memoria
1901 1024 2068 1090 dicti
2113 1023 2138 1063 ¹
2167 1024 2295 1091 loci
2354 1023 2516 1089 alibi
2579 1025 2793 1092 adhuc
2834 1027 2950 1091 ha-

843 1127 1057 1193 betur.

921 1229 1098 1295 Sunt
1133 1229 1206 1294 in
1236 1228 1344 1295 ala
1373 1227 1674 1295 Australi
1697 1229 2004 1295 Ecclesiae
2029 1230 2178 1296 duae
2205 1229 2509 1316 Capellae,
2534 1230 2668 1295 duo
2696 1230 2950 1313 altaria,

844 1331 1172 1409 videlicet,
1215 1331 1289 1396 in
1334 1333 1579 1398 honore
1642 1330 1874 1398 Sancti
1919 1330 1968 1397 J
1969 1331 2250 1397 ohannis
2318 1331 2788 1419 Evangelistae,
2833 1334 2951 1398 ubi

845 1434 1131 1499 habetur
1174 1431 1200 1471 ²
1219 1434 1439 1521 imago
1470 1432 1702 1499 Sancti
1734 1433 2032 1516 Martini,
2052 1438 2122 1499 et
2154 1432 2385 1499 Sancti
2418 1433 2768 1521 Stephani,
2798 1455 2953 1500 eon-

845 1542 1113 1614 secrata,
1157 1535 1276 1601 ubi
1321 1536 1607 1602 habetur
1649 1533 1676 1573 ²
1693 1536 1917 1623 imago
1963 1535 2197 1601 Sancti
2239 1534 2288 1601 J
2290 1534 2573 1601 ohannis
2603 1536 2949 1624 Baptistae.

935 1638 1020 1706 In
1066 1637 1273 1703 altera
1316 1659 1473 1704 vero
1517 1643 1708 1725 parte
1755 1637 2069 1705 Ecclesiae
2113 1635 2141 1677 ⁸
2163 1637 2444 1720 Boreali,
2474 1644 2635 1704 sunt
2683 1639 2815 1704 tria
2856 1639 2953 1704 al·

842 1741 1032 1821 taria,
1101 1740 1434 1822 videlicet,
1504 1740 1773 1808 Sanctae
1836 1738 2111 1827 Scythae
2176 1739 2493 1828 Virginis,
2568 1740 2688 1806 ubi
2747 1742 2952 1808 etiam

842 1842 1125 1908 habetur
1169 1840 1195 1880 ²
1214 1843 1435 1929 imago
1482 1841 1752 1908 Sanctae
1795 1842 2192 1930 Appoloniae
2236 1841 2560 1930 Virginis,
2605 1847 2678 1909 et
2721 1842 2955 1910 tabula

845 1966 992 2011 cum
1061 1944 1090 1984 ⁴
1110 1944 1513 2032 imaginibus
1576 1945 1845 2011 Sanctae
1912 1944 2146 2010 Mariae
2190 1944 2496 2032 Virginis
2554 1949 2625 2011 et
2683 1945 2952 2012 Sanctae

845 2046 1235 2126 Edmundae,
1307 2044 1333 2085 ⁸
1349 2045 1853 2133 genuflectentis
1914 2046 1990 2110 in
2055 2046 2298 2112 habitu
2360 2046 2660 2113 clericali.
2753 2046 2950 2128 Item,

844 2146 1214 2236 “imagines
1259 2147 1491 2214 Sancti
1519 2146 1568 2213 J
1572 2147 1850 2213 ohannis
1895 2147 2244 2235 Baptista»,
2277 2153 2349 2214 et
2379 2148 2849 2236 Evangelistae,
2881 2155 2955 2215 et

843 2255 1219 2315 sauctorum
1245 2247 1706 2316 Confessorum
1729 2254 1931 2336 atque
1956 2249 2358 2320 Pontificum
2382 2250 2724 2316 Wulstani
2742 2256 2810 2317 et
2840 2249 2866 2293 ⁷
2935 2303 2954 2333 ‚

845 2351 960 2436 qui
984 2350 1318 2437 quondam
1335 2350 1468 2416 fuit
1491 2350 1575 2416 ad
1598 2351 1811 2416 altare
1835 2350 2089 2417 dictum
2119 2359 2156 2387 “
2176 2351 2678 2421 salutationis?
2752 2353 2951 2435 Item,

843 2451 1056 2519 altare
1084 2450 1373 2521 “dictum
1405 2453 1616 2519 altare
1648 2453 1915 2519 Sanctae
1945 2453 2267 2519 Trinitati
2297 2458 2746 2520 consecratum
2771 2480 2788 2535 ;
2832 2456 2952 2521 ubi

844 2556 1177 2621 habentur
1220 2552 1248 2594 ⁰
1268 2555 1593 2644 imagines
1637 2555 1868 2622 Sancti
1915 2554 2292 2622 Sebastiani
2322 2561 2393 2622 et
2423 2556 2684 2623 Sanctae
2731 2556 2952 2624 Rade-

840 2658 1099 2744 gundis,
1120 2656 1422 2744 Virginis
1467 2661 1538 2723 et
1567 2657 1885 2745 Reginae;
1930 2657 2049 2724 ubi
2079 2658 2414 2745 quondam
2443 2657 2578 2724 fuit
2611 2659 2952 2727 Fraterni-

841 2765 944 2823 tas
989 2758 1064 2823 in
1105 2758 1418 2823 honorem
1465 2758 1731 2825 Sanctae
1778 2758 2149 2839 Trinitatis,
2196 2759 2454 2826 circiter
2516 2761 2952 2827 ducentorum

841 2860 1185 2926 hominum
1228 2865 1298 2927 et
1344 2861 1694 2926 mulierum
1741 2860 2189 2941 mediocrium,
2236 2861 2481 2928 habens
2525 2862 2750 2945 libros,
2788 2864 2953 2929 cali·

844 2985 966 3045 ces,
1011 2963 1430 3044 vestimenta,
1478 2968 1548 3029 et
1590 2963 1725 3029 alia
1769 2963 1997 3029 altaris
2043 2971 2431 3030 ornamenta
2472 2985 2779 3052 congrua,
2824 2988 2952 3053 pro

843 3066 1176 3133 sacerdote
1220 3087 1448 3133 eorum
1491 3066 1921 3147 conductitio,
1967 3088 2044 3132 ac
2087 3064 2115 3105 ⁹
2133 3066 2342 3142 etiam
2381 3065 2753 3133 hersiorum
2804 3068 2952 3155 ejus

842 3174 1234 3256 apparatum
1280 3173 1748 3255 competenter,
1796 3189 1915 3255 pro
1960 3168 2206 3235 eisdem
2251 3170 2534 3235 mortuis
2591 3169 2951 3236 honorifice

842 3270 1297 3352 tumulandis;
1341 3271 1537 3337 sicuti
1584 3270 1998 3336 Fraternitas
2043 3271 2443 3358 potentium,
2489 3272 2670 3359 apud
2729 3272 2950 3339 Eccle-

843 3372 1010 3438 siam
1055 3372 1286 3440 Sancti
1330 3372 1535 3453 Petri,
1564 3372 1648 3438 de
1693 3371 1938 3438 Sancto
1978 3371 2027 3438 J
2029 3373 2288 3439 ohanne
2332 3374 2656 3460 Baptista,
2689 3379 2759 3440 et
2789 3374 2948 3440 Fra-

844 3475 1127 3540 ternitas
1172 3474 1402 3541 Sancti
1446 3473 1710 3554 Albani,
1758 3473 1838 3540 de
1866 3474 2185 3560 utrisque,
2218 3474 2290 3540 in
2319 3476 2479 3541 navi
2512 3476 2819 3542 Ecclesiae
2860 3477 2948 3542 ad

843 3577 1048 3642 altare
1095 3577 1360 3644 Sanctae
1406 3577 1640 3643 Mariae
1686 3576 1774 3642 ad
1818 3575 2206 3643 columnam.
2300 3577 2468 3658 Quae
2500 3577 2748 3659 omnia,
2779 3579 2951 3645 sicut

843 3677 1089 3743 dicitur
1115 3678 1411 3759 inferius,
1430 3683 1700 3766 propter
1727 3699 1955 3744 eorum
1982 3675 2036 3716 ¹⁰
2054 3682 2360 3744 mutuam
2389 3678 2693 3746 fraudem
2723 3680 2946 3768 ingra-

842 3778 1158 3853 titudinis
1216 3784 1286 3846 et
1343 3777 1397 3818 ¹¹
1414 3779 1692 3863 dissidii,
1735 3778 2158 3867 postmodum
2226 3785 2387 3847 sunt
2447 3780 2525 3847 in
2589 3779 2644 3820 ¹¹
2665 3782 2949 3847 nihilum

842 3875 1137 3964 dispersa
1157 3900 1272 3943 :—

983 4004 1021 4034 “
1051 3998 1162 4064 Sic
1205 3997 1381 4065 redit
1424 3996 1499 4063 in
1538 3996 1593 4038 ¹²
1611 3998 1918 4080 nihilum,
1964 3999 2144 4086 quod
2186 3997 2319 4066 fuit
2362 4004 2524 4066 ante
2566 3997 2860 4069 ”nihils

909 4189 925 4222 ¹
948 4189 1075 4240 This
1129 4188 1271 4239 word
1324 4189 1369 4239 is
1422 4188 1686 4241 indistinct
1743 4190 1848 4240 and
2005 4187 2028 4220 ⁸
2046 4190 2211 4241 These
2225 4197 2325 4241 two
2342 4192 2505 4242 words
2521 4204 2606 4241 are
2622 4190 2868 4257 probably
2881 4204 2948 4240 an

837 4266 1085 4320 doubtful.
1935 4268 2178 4319 insertion
2200 4270 2272 4334 by
2292 4269 2520 4323 mismke.

905 4344 1324 4413 ‘ymaqoinMR
2004 4347 2310 4400 οοεὶῐιΜΒ.

908 4424 931 4459 ⁸
950 4423 1153 4477 Barzala·
1175 4425 1230 4474 in
1250 4423 1366 4476 MS.
2000 4424 2038 4458 ¹⁶
2057 4432 2269 4476 mutuum
2289 4426 2347 4477 in
2369 4427 2484 4480 MS.

904 4504 928 4537 ⁴
945 4501 1250 4571 ymaqinibus
1272 4503 1329 4554 in
1350 4502 1466 4555 ΜΒ.
2008 4502 2043 4535 ¹¹
2068 4502 2269 4555 discidii
2289 4504 2344 4555 in
2364 4504 2482 4557 MS.

906 4585 928 4617 a
948 4583 1279 4651 Wfloetem
1299 4582 1355 4634 in
1374 4582 1491 4635 ΜΒ.
2006 4581 2048 4615 ¹²
2068 4581 2298 4633 ‚nieman
2319 4583 2374 4633 in
2394 4583 2511 4636 ΜΒ.

902 4661 1401 4729 θμαςίιιεείιιΜΒ.
2009 4659 2430 4716 ¹³niclailinMs.

900 4741 925 4781 ⁷
947 4742 1058 4794 The
1079 4756 1232 4794 name
1251 4742 1297 4793 is
1315 4740 1529 4793 omitted
1549 4739 1603 4791 in
1624 4739 1744 4792 ΜΒ.
