3467 5717
757 791 888 860 316
1416 803 1739 857 ANNALES
1782 803 2210 857 uoNAsmm1

442 997 580 1050 ΑᾸ).
608 1004 750 1053 1433.
779 990 816 1022 “
856 987 945 1052 ad
1012 986 1289 1053 Festum
1358 984 1591 1053 Sancti
1636 985 1918 1053 Martini
1961 986 2038 1051 in
2101 983 2128 1024 ¹
2146 986 2382 1074 hyeme
2443 989 2598 1073 post
2655 985 2887 1051 datam

776 1092 816 1124 ‘⁴
858 1088 1081 1155 brevis
1124 1088 1423 1176 praedicti
1466 1088 1768 1176 proximo
1826 1087 2167 1169 futurum;
2213 1092 2283 1154 et
2327 1088 2527 1153 aliam
2571 1088 2888 1153 medieta-

776 1197 812 1227 ⁴⁴
857 1194 997 1256 tem
1041 1190 1239 1258 dictes
1281 1189 1678 1272 medietatis,
1723 1195 2049 1277 quartam,
2079 1190 2344 1270 scilicet,
2391 1194 2647 1276 partem
2690 1189 2888 1254 unius

778 1299 813 1330 ‘⁴
860 1293 1138 1380 integrae
1184 1292 1473 1369 decimae,
1501 1291 1889 1359 solvendam
1918 1292 2005 1358 ad
2036 1291 2313 1358 Festum
2344 1292 2575 1358 Sancti
2606 1291 2886 1356 Martini

777 1401 814 1431 ‘⁴
860 1394 933 1461 in
961 1392 1244 1481 ¹hyeme
1273 1395 1452 1480 quod
1490 1394 1621 1462 erit
1662 1392 1736 1459 in
1782 1414 1959 1460 anno
1988 1394 2261 1461 Domini
2297 1393 2647 1460 millesimo
2675 1393 2884 1480 quad·-

777 1503 813 1533 ⁴⁴
857 1497 1329 1584 ringentesimo
1374 1495 1703 1562 tricesimo
1735 1500 1995 1583 quarto·
2086 1495 2363 1563 Proviso
2392 1517 2664 1583 semper,
2706 1497 2886 1561 inter

775 1605 814 1635 ⁴‘
857 1598 1005 1679 alia,
1050 1599 1231 1684 quod
1273 1597 1497 1663 nullus
1540 1597 1848 1664 collector
1908 1598 2106 1664 dictae
2169 1598 2548 1664 medietatis
2593 1598 2882 1676 decimae,

779 1705 816 1736 ‘⁴
859 1704 980 1766 aut
1029 1700 1241 1786 partis
1300 1700 1524 1786 ipsius,
1571 1698 2014 1786 deputandus,
2062 1699 2346 1767 obtentu
2405 1700 2698 1787 cujusvis
2758 1700 2880 1765 im-

776 1805 812 1837 “
856 1801 1210 1869 munitatis
1276 1806 1396 1867 aut
1462 1800 1801 1889 privilegii
1868 1800 2053 1888 regii,
2116 1802 2190 1866 in
2234 1823 2314 1867 ea
2357 1807 2549 1889 parte
2593 1800 2881 1867 concessi

775 1909 816 1940 ⁴‘
859 1908 981 1969 aut
1009 1903 1426 1984 concedendi,
1455 1925 1498 1968 a
1524 1902 1912 1970 collectione
1942 1903 2138 1970 dictae
2181 1904 2561 1969 medietatis
2592 1903 2880 1983 decimae,

776 2012 814 2043 ‘⁴
856 2006 963 2071 vel
1006 2005 1219 2093 partis
1262 2004 1573 2092 ejusdem,
1618 2010 1818 2091 prout
1861 2005 2078 2092 ipsum
2122 2006 2531 2072 collectorem
2575 2006 2882 2094 deputari

776 2112 814 2144 ⁴⁴
857 2107 1229 2195 contigerit,
1276 2107 1704 2194 quovismodo
1750 2105 1991 2173 debeat
2021 2108 2318 2174 excusari
2341 2107 2512 2188 3—vi
2521 2108 2774 2189 delicet,
2807 2109 2878 2172 in

774 2215 812 2245 ‘⁴
857 2207 884 2248 ²
904 2210 1189 2277 Dioecesi
1224 2209 1656 2290 Norwicensi‚
1693 2208 1900 2295 juxta
1927 2209 2207 2275 formam
2237 2209 2666 2276 conoessionis
2708 2231 2878 2298 prae-

776 2318 811 2348 ⁴‘
853 2312 1067 2388 dictae,
1094 2311 1395 2379 levandae
1426 2316 1498 2377 et
1526 2310 1934 2398 colligendae,
1957 2317 2157 2399 prout
2184 2311 2387 2378 moris
2416 2317 2536 2391 est,
2556 2312 2877 2399 assignari

771 2419 811 2451 ‘⁴
856 2418 926 2479 et
954 2414 1262 2501 deputari
1289 2413 1661 2479 faciendum
1685 2414 1896 2479 2—ita
1925 2414 2104 2499 quod
2130 2414 2416 2480 Domino
2439 2415 2610 2503 Regi
2640 2415 2724 2481 de
2754 2416 2878 2481 eis-

772 2521 808 2551 “
854 2516 1003 2582 dem
1049 2515 1518 2582 medietatibus
1563 2515 1637 2580 in
1682 2513 1895 2582 forma
1936 2516 2258 2605 praedicta
2300 2516 2774 2604 respondeatur
2816 2524 2878 2583 ct

768 2626 806 2655 ⁴⁴
851 2624 1101 2685 coetcra.
1152 2618 1253 2684 Ac
1283 2617 1365 2683 de
1387 2618 1771 2684 nominibus
1799 2618 2066 2684 illorum
2088 2639 2253 2704 quos
2268 2618 2585 2704 praefatus
2607 2640 2878 2685 venera-

767 2726 806 2758 ⁴‘
850 2719 1004 2784 bilis
1048 2723 1254 2807 pater,
1304 2718 1667 2805 Episcopus
1712 2719 1781 2785 N
1784 2719 2173 2799 orwicensis‚
2210 2721 2297 2787 ad
2340 2720 2465 2787 hoc
2508 2721 2875 2806 deputaret,

767 2829 803 2860 ⁴⁴
847 2821 1356 2888 Thesaurarium
1388 2827 1458 2888 et
1486 2822 1778 2888 Barones
1807 2821 2004 2909 hujus
2046 2822 2383 2902 Scaccarii,
2415 2827 2568 2888 ante
2599 2822 2871 2888 Festum

765 2929 802 2962 ⁴⁴
849 2923 1137 2991 Simonis
1165 2928 1236 2990 et
1264 2922 1312 2989 J
1314 2923 1464 2990 udae
1492 2922 1733 2990 ultimo
1766 2925 2200 3012 praeteritum,
2223 2924 2532 2991 distincte
2554 2929 2623 2990 et
2641 2929 2871 3010 aperte

769 3036 804 3064 ‘⁴
849 3026 1644 3094 certificandum—Idem
1702 3048 1829 3093 ven
1837 3026 2104 3093 erabilis
2177 3032 2386 3114 pater,
2445 3048 2559 3114 per
2616 3026 2874 3092 litteras

769 3136 806 3167 ⁴⁴
851 3151 1002 3195 suas
1060 3128 1549 3196 certificatorias
1592 3133 1917 3216 patentes,
1962 3151 2241 3215 quarum
2288 3128 2448 3194 data
2490 3133 2593 3195 est
2636 3134 2875 3215 quarto

768 3240 803 3270 ‘⁴
848 3232 954 3299 die
999 3231 1241 3297 mensis
1285 3229 1590 3298 Octobris
1636 3252 1812 3297 anno
1853 3231 2126 3296 Domini
2168 3230 2516 3296 millesimo
2559 3230 2872 3316 quadrin-

764 3342 801 3373 α
1075 3332 1091 3348 .
1320 3332 1335 3348 .
1452 3333 1467 3348 .
1754 3334 1769 3348 .
1866 3333 1881 3348 .
2202 3332 2217 3348 .
2395 3333 2411 3348 .

766 3443 803 3473 ..
842 3332 2872 3521 mmmmm&

761 3544 800 3575 ⁴⁴
842 3559 1182 3624 scoporum
1228 3537 1311 3603 de
1356 3536 1734 3603 nominibus
1783 3537 2205 3603 collectorum
2252 3537 2449 3603 dictae
2493 3535 2871 3602 medietatis

763 3645 800 3676 ⁴⁴
844 3639 1115 3705 decimes
1167 3639 1550 3719 existentes,
1598 3639 1991 3705 certificavit
2030 3639 2058 3677 ⁸
2075 3639 2255 3705 inter
2297 3638 2432 3704 alia
2474 3637 2583 3704 hic
2627 3638 2873 3704 eisdem

762 3748 797 3778 ⁴⁴
842 3738 1273 3806 Thesaurario
1296 3743 1367 3805 et
1383 3739 1775 3819 Batonibus,
1798 3742 1977 3827 quod
1998 3741 2332 3829 religiosos
2354 3739 2552 3816 viros,
2574 3740 2870 3806 Priorem

762 3848 799 3879 ⁴⁴
843 3847 914 3908 et
944 3840 1361 3909 Conventum
1393 3842 1739 3908 Prioratus
1769 3843 1851 3909 de
1896 3842 2225 3930 Bynham,
2269 3842 2465 3908 dictae
2507 3841 2538 3880 ⁴
2554 3841 2872 3908 Dioecesis

761 3951 800 3982 ⁴⁴
844 3944 1306 4024 Norwicensis,
1351 3944 1424 4008 in
1467 3943 2140 4012 Archidiaconatibus
2185 3945 2254 4010 N
2256 3944 2480 4011 orwici
2540 3951 2611 4011 et
2670 3943 2741 4009 N
2741 3944 2869 4010 orf-

761 4053 796 4085 ‘⁴
842 4048 1122 4129 folchiae,
1144 4045 1349 4135 juxta
1378 4047 1659 4113 formam
1689 4048 2120 4113 concessionis
2153 4046 2227 4112 in
2272 4047 2463 4113 brevi
2490 4046 2868 4134 supradicto

764 4155 800 4187 ‘⁴
845 4150 1298 4238 specificatam,
1360 4154 1439 4215 ut
1513 4149 1713 4214 moris
1783 4153 1902 4228 est,
1959 4148 2329 4237 assignavit
2386 4153 2458 4215 et
2515 4148 2869 4236 deputavit

763 4257 804 4290 ⁴⁴
848 4252 1259 4333 collectores;
1310 4251 1603 4339 ipsisque
1654 4251 2110 4319 collectoribus
2155 4251 2344 4318 dedit
2391 4250 2464 4316 in
2517 4249 2867 4332 mandatis,

763 4361 802 4393 ‘⁴
844 4354 1021 4441 quod
1077 4354 1204 4443 ipsi
1264 4353 1553 4421 Domino
1612 4354 1783 4445 Regi
1825 4354 1910 4422 de
1952 4354 2133 4422 dicta
2178 4354 2532 4422 medietate
2576 4352 2864 4432 decimae,

826 4653 841 4687 ¹
862 4669 995 4717 yeme
1015 4653 1071 4703 in
1092 4652 1207 4705 MS.
1925 4649 1948 4683 ⁸
1969 4650 2022 4699 in
2045 4648 2097 4700 in
2119 4649 2234 4702 MS.

827 4733 850 4767 ²
870 4730 1073 4784 Diocesi
1099 4730 1154 4784 in
1176 4729 1292 4783 ΜΒ.
1925 4728 1947 4762 ⁴
1968 4727 2199 4781 Dionaeo
2219 4728 2273 4782 in
2295 4727 2409 4781 MS.
