3467 5717
1359 875 1603 927 SANC'H
1646 873 1921 927 ALBANI.
2554 863 2686 926 355

581 1065 863 1131 scribam
911 1064 1420 1133 Convocationis
1464 1066 1797 1133 redactam
1839 1066 1911 1131 in
1959 1064 2232 1152 scriptis,
2274 1065 2681 1131 reclamatio·
2713 1072 2851 1125 ΑΔ).
2880 1077 3022 1124 1433.

584 1189 753 1249 nem,
803 1168 1204 1255 tradensque
1250 1192 1398 1235 eam
1443 1166 1849 1235 Prolocutori
1894 1167 2070 1247 cleri,
2116 1167 2378 1255 rogavit
2420 1172 2501 1233 ut
2544 1166 2686 1232 alta

583 1275 654 1335 et
712 1270 1128 1358 intelligibili
1171 1293 1330 1339 voce
1380 1272 1669 1359 legeret3
1717 1280 2040 1356 quatenus
2099 1271 2226 1336 etsi
2283 1291 2419 1335 non
2469 1268 2689 1335 verbis

584 1378 704 1439 aut
733 1375 1157 1454 sermonibus,
1181 1375 1442 1462 scriptis
1471 1379 1717 1453 tamen,
1748 1377 1819 1440 et
1847 1371 2328 1455 instrumentis,
2353 1372 2689 1439 credentia

586 1474 732 1541 dari
785 1475 1071 1543 deberet.
1164 1475 1298 1557 Qui
1347 1475 1467 1554 vir,
1515 1475 1804 1541 existens
1850 1473 2103 1540 Abbati
2152 1474 2440 1540 multum
2488 1474 2686 1541 bene-

585 1577 792 1659 volus,
836 1579 1121 1644 multum
1180 1577 1496 1645 benevole
1541 1598 1688 1643 eam
1732 1576 2038 1664 suscepit,
2085 1576 2501 1663 multumque
2547 1576 2680 1641 dis-

584 1679 794 1747 tincte
816 1684 884 1746 et
902 1685 1144 1768 aperte,
1166 1679 1268 1746 ita
1296 1685 1377 1746 ut
1398 1679 1709 1747 audirent
1740 1699 1982 1760 omnes,
2006 1683 2075 1744 et
2102 1678 2430 1766 praecipue
2453 1677 2686 1743 Domi-

585 1804 710 1848 nus
753 1782 824 1847 Ν
824 1782 1216 1863 orwicemis,
1262 1782 1474 1871 ipsam
1521 1781 1822 1870 perlegit.
1912 1782 2005 1847 Et
2050 1785 2196 1848 erat
2239 1780 2311 1846 in
2369 1781 2685 1848 brevibus

582 1906 718 1952 suae
761 1885 1030 1953 lecturae
1077 1891 1271 1952 tenor
1316 1885 1579 1953 talis.—

673 1994 710 2024 “
739 1987 1257 2067 Memorandum‚
1300 1988 1478 2074 quod
1519 1987 1593 2051 in
1625 1985 2119 2054 Convocatione
2162 1986 2590 2074 praelatorum
2621 1989 2692 2051 et
2716 1997 2886 2048 Tenor
2906 1998 2970 2047 of

584 2094 621 2124 “
662 2088 818 2154 cleri
865 2088 1235 2155 Provinciae
1282 2088 1686 2167 cantum-ive,
1745 2109 1864 2175 per
1908 2087 2556 2153 Reverendissimum
2617 2090 2692 2152 in
2716 2063 2843 2192 ξὲξξ
2850 2065 3033 2180 01:¹3}-

585 2197 624 2227 “
670 2190 936 2257 Christo
995 2191 1262 2257 Patrem
1325 2195 1394 2257 et
1438 2190 1822 2272 Dominum,
1882 2189 2246 2256 Dominum
2306 2190 2688 2268 Henricum,
2717 2197 3004 2259 alammion,

590 2298 628 2328 “
673 2292 802 2359 Dei
844 2293 1079 2381 gratia,
1122 2293 1504 2363 Cantuariae
1537 2292 2134 2381 Archiepiscopum,
2179 2293 2389 2359 totius
2426 2292 2692 2379 Angliae
2716 2264 2933 2408 22¹3?
2941 2271 3012 2394 ἐξ

588 2401 626 2431 “
672 2394 1051 2474 Primatem,
1096 2400 1166 2462 et
1210 2395 1607 2483 Apostolicae
1653 2393 1843 2461 Sedis
1889 2395 2231 2483 Legatum,
2279 2393 2355 2459 in
2402 2394 2694 2461 Ecclesia
2715 2396 2802 2447 the
2817 2397 2979 2446 senbe

586 2502 623 2534 “
670 2496 1050 2564 Cathedrali
1096 2497 1328 2564 Sancti
1376 2496 1588 2577 Pauli,
1632 2497 2012 2579 Londoniis,
2059 2497 2403 2576 celebrata,
2454 2496 2692 2583 dieque
2716 2461 2993 2590 ἓξᾷἶῗζζ

586 2606 622 2638 “
665 2599 893 2678 Lunae‚
953 2598 1471 2685 quinto-decimo
1533 2599 1640 2666 die
1700 2598 2125 2686 Septembris,
2179 2620 2356 2664 anno
2416 2596 2690 2663 Domini
2714 2594 2801 2672 ΨΘ
2821 2609 2968 2673 000¹}-

590 2706 630 2738 “
671 2702 1019 2768 millesimo
1064 2701 1713 2789 quadringentesimo
1757 2700 2089 2767 tricesimo
2132 2701 2434 2781 secundo,
2466 2701 2690 2766 incho-
2714 2660 2904 2793 ΐὲῑῖἕῖ
2918 2668 2984 2713 ¹²⁸

589 2813 625 2842 “
669 2809 799 2884 ata,
833 2810 903 2871 et
932 2826 1138 2891 usque
1167 2804 1255 2870 ad
1285 2808 1355 2871 et
1383 2804 1457 2869 in
1504 2804 1682 2871 diem
1713 2803 2049 2885 Mercurii,
2077 2803 2466 2871 vicesimum
2494 2825 2690 2890 quar-
2714 2795 2876 2845 ”²³⁶0-

592 2915 625 2943 “
672 2913 819 2974 tum
837 2906 1015 2973 diem
1045 2906 1336 2993 ejusdem
1366 2906 1610 2973 mensis
1641 2905 2066 2993 Septembris,
2085 2906 2492 2988 continuata,
2516 2906 2694 2971 inter

592 3017 628 3044 “
674 3014 910 3075 caetera
954 3009 1030 3074 in
1077 3009 1306 3075 eadem
1348 3008 1838 3076 Convocatione
1881 3008 2205 3091 ordinata,
2235 3029 2536 3076 concessa
2563 3007 2696 3073 fuit

594 3116 630 3146 “
679 3111 962 3178 Domino
1014 3111 1183 3200 Regi
1229 3112 1549 3178 medietas
1594 3110 1793 3176 unius
1838 3111 2116 3199 integrae
2161 3110 2448 3189 decimae,
2497 3111 2693 3175 certis

595 3222 631 3253 “
676 3217 994 3298 terminis,
1056 3240 1133 3283 ac
1203 3240 1354 3285 cum
1431 3218 1628 3284 certis
1703 3217 2217 3305 exceptionibus,
2279 3217 2566 3285 levanda
2624 3224 2694 3285 et

595 3324 628 3356 “
675 3320 1006 3399 solvenda,
1048 3326 1248 3408 prout
1306 3322 1380 3386 in
1437 3320 1665 3386 eadem
1711 3321 2119 3387 concessione
2179 3321 2440 3408 plenius
2484 3321 2694 3387 conti-

593 3429 632 3459 “
675 3428 887 3490 netur.
996 3421 1162 3503 Quae
1207 3423 1477 3510 quidem
1535 3423 1880 3505 concessio,
1939 3423 2013 3488 in
2072 3423 2359 3510 quadam
2410 3421 2436 3462 1
2456 3424 2695 3511 papyri

595 3529 631 3560 “
675 3525 909 3591 cedula
951 3524 1271 3612 inscripta
1311 3525 1596 3606 redacta,
1645 3524 1825 3591 dicto
1872 3524 1981 3591 die
2031 3524 2336 3592 Mercurii
2387 3548 2504 3614 per
2546 3548 2693 3614 par-

597 3633 634 3663 “
679 3633 816 3694 tem
891 3627 1050 3694 cleri
1125 3627 1429 3715 praedicti
1506 3627 1783 3714 praefato
1861 3627 2434 3695 Reverendissimo
2509 3628 2691 3694 Patri

599 3735 636 3766 “
685 3734 755 3795 et
827 3728 1114 3795 Domino
1174 3728 1685 3818 Archiepiscopo
1746 3728 2048 3797 exhibita
2106 3731 2292 3813 fuit;
2366 3734 2450 3810 et,
2512 3731 2691 3798 inter

595 3836 632 3866 “
678 3831 1092 3917 exceptiones
1148 3831 1225 3896 in
1285 3831 1513 3897 eadem
1572 3832 1980 3899 concessione
2041 3838 2406 3912 contentas,
2452 3832 2698 3920 scripta

595 3937 631 3968 “
677 3931 809 3998 fuit
837 3932 1128 3999 clausula
1157 3954 1434 4020 sequens
1456 3939 1583 4015 ;—-‘
1606 3933 1881 4000 Proviso
1924 3934 2103 4021 quod
2140 3934 2362 4000 nullus
2392 3934 2699 3999 collector

592 4039 632 4071 “
678 4042 695 4070 ‘
726 4034 925 4121 dictae
968 4035 1341 4101 medietatis
1381 4036 1667 4116 decimae,
1701 4046 1821 4101 aut
1854 4035 2065 4122 partis
2111 4035 2335 4123 ipsius,
2367 4035 2697 4123 deputan-

596 4142 633 4171 “
678 4141 698 4173 ‘
731 4135 873 4217 dus,
936 4137 1215 4203 obtentu
1299 4136 1590 4223 cujusvis
1664 4135 2110 4203 immunitatis
2183 4140 2305 4202 aut
2362 4136 2699 4225 privilegii

597 4244 631 4274 “
681 4246 698 4273 ‘
725 4237 906 4324 regii,
937 4236 1012 4302 in
1060 4259 1137 4304 ea
1189 4242 1378 4325 parte
1425 4237 1725 4318 concessi,
1757 4242 1880 4304 aut
1924 4237 2341 4321 concedendi,
2385 4261 2427 4304 a
2473 4238 2700 4305 collec-

590 4347 627 4375 “
674 4347 691 4374 ‘
717 4340 904 4405 tione
953 4339 1149 4406 dictae
1200 4340 1578 4406 medietatis
1627 4340 1915 4420 decimae,
1964 4340 2074 4407 vel
2123 4340 2334 4429 partis
2385 4339 2695 4428 ejusdem,

593 4447 629 4477 “
677 4447 697 4478 ‘
727 4446 925 4529 prout
963 4442 1182 4530 ipsum
1222 4441 1634 4509 collectorem
1682 4442 1989 4530 deputari
2034 4443 2402 4532 contigerit,
2434 4443 2697 4528 quovis-

596 4550 631 4580 “
677 4549 695 4580 ‘
726 4543 923 4610 modo
982 4544 1223 4611 debeat
1279 4544 1619 4611 excusari?
1729 4544 1883 4627 Qua
1941 4542 2209 4631 quidem
2269 4543 2696 4626 concessione,

1423 4788 1440 4824 ¹
1456 4791 1637 4857 papiri
1655 4788 1714 4843 in
1734 4789 1850 4845 MS.
2391 4872 2435 4936 2

2304 4886 2347 4936 Ζ
