3467 5717
508 985 646 1037 ΑΙ).
676 991 818 1036 1423.

514 2935 626 2986 The

514 3001 705 3067 Bishop
729 3003 787 3053 of

510 3069 729 3120 Lincoln
752 3069 797 3120 is

511 3135 665 3186 taken
687 3136 760 3199 ill,

510 3202 633 3255 with
654 3203 807 3254 sever.

515 3582 626 3632 The

510 3648 730 3698 Abbot’s

514 3712 703 3763 friends

512 3778 682 3830 advice
705 3779 809 3830 him

512 3855 564 3897 to
580 3847 794 3910 proceed

516 3913 779 3964 forthwith

512 3979 644 4030 from

512 4046 703 4099 Sienna
726 4054 778 4098 to

509 4113 689 4165 Rome.

853 791 939 852 80
1510 799 1828 851 ANNALES
1872 799 2296 851 MONASTERH

848 993 886 1022 “
930 986 1167 1067 suerat,
1215 987 1374 1052 dum
1405 987 1561 1073 ipse,
1607 988 1832 1054 minus
1876 991 2051 1054 recte
2097 988 2186 1052 ad
2230 987 2482 1054 Christi
2513 988 2952 1074 Evangelium

849 1096 888 1125 “
929 1088 1292 1169 ambulanS,
1326 1088 1638 1176 gentibus
1668 1089 1713 1154 J
1719 1089 2032 1156 udaizare
2075 1089 2148 1153 in
2180 1088 2473 1156 Consilio
2503 1089 2954 1177 persua-debat.

847 1200 884 1226 “
929 1192 1039 1258 Sic
1069 1192 1317 1278 utique,
1349 1190 1669 1268 Antistes,
1700 1191 2083 1257 resistentes
2112 1190 2430 1257 Antistiti
2463 1191 2726 1259 dabatis
2765 1214 2957 1258 cunc·

847 1301 884 1331 “
933 1293 1023 1359 tis
1070 1294 1461 1380 intelligere,
1494 1294 1821 1379 quomodo
1866 1295 1937 1358 in
1970 1294 2201 1359 ordine
2231 1295 2590 1380 praesulum
2621 1294 2838 1361 adhuc
2865 1294 2957 1360 sit

852 1401 885 1431 “
930 1396 1088 1462 dare
1118 1396 1542 1484 superstitem
1588 1418 1813 1477 unum,
1861 1396 1978 1483 qui
2025 1417 2173 1462 cum
2219 1395 2245 1434 ¹
2265 1396 2471 1462 Paulo
2515 1418 2638 1462 nec
2683 1397 2953 1463 Petrum

852 1505 889 1535 “
934 1521 1055 1586 pro
1098 1498 1243 1584 lege
1289 1497 1561 1586 pietatis
1606 1502 1879 1563 veretur
1938 1497 2290 1578 offendere,
2336 1519 2459 1565 nec
2501 1521 2651 1565 cum
2705 1498 2956 1564 Thema

852 1609 888 1637 “
933 1623 1051 1688 pro
1095 1601 1298 1666 verbo
1328 1600 1636 1667 veritatis
1681 1599 1959 1666 exilium
2005 1599 2231 1667 subire
2275 1600 2591 1688 trepidat,
2638 1606 2759 1667 aut
2804 1623 2954 1667 cnm

849 1710 888 1739 “
931 1704 978 1769 J
982 1702 1240 1769 ohanne
1285 1702 1686 1787 martyrium
1733 1702 2079 1769 sustinere.
2171 1701 2436 1769 Gratias
2479 1703 2691 1789 igitur
2719 1707 2957 1770 vestrae

849 1812 887 1840 “
930 1804 1186 1893 agendo
1219 1804 1608 1891 paternitati
1635 1826 1760 1892 pro
1789 1810 2053 1872 ostensa
2090 1803 2504 1891 gratitudine
2538 1804 2610 1870 in
2641 1804 2957 1882 absentia,

851 1915 885 1945 “
931 1908 1289 1994 laudesque
1319 1907 1604 1973 referens
1650 1929 1736 1972 ex
1768 1906 2128 1973 visceribus
2157 1928 2277 1995 pro
2320 1907 2719 1973 incurvabili
2763 1907 2958 1972 recti-

851 2019 889 2047 “
936 2010 1167 2075 tudine
1212 2015 1456 2090 vestra,
1502 2008 1657 2074 huic
1699 2009 1747 2074 J
1751 2008 1919 2087 udae,
1968 2009 2051 2073 de
2096 2029 2226 2095 quo
2259 2008 2631 2097 scripsistis,
2670 2007 2813 2093 jam
2859 2029 2958 2073 re-

854 2120 890 2148 “
937 2133 1313 2199 sponsurus,
1338 2117 1538 2198 prout
1566 2110 1925 2188 consulitiS,
1952 2109 2150 2175 venio
2173 2135 2191 2191 ;
2238 2114 2308 2176 et
2336 2132 2524 2197 spero
2554 2131 2704 2179 cum
2725 2110 2958 2175 divina

851 2224 886 2251 “
932 2215 1257 2302 patientia
1301 2220 1369 2279 et
1413 2218 1635 2280 vestro
1678 2214 1908 2279 favore
1967 2212 2271 2300 benignO,
2317 2213 2474 2278 licet
2533 2213 2672 2299 ipse
2724 2234 2958 2299 appro-

854 2324 889 2352 “
940 2316 1096 2403 piet,
1144 2320 1213 2381 ct
1258 2338 1409 2382 cum
1453 2337 1532 2381 eo
1577 2315 1779 2383 turba
1838 2314 2053 2379 multa
2112 2335 2256 2379 cum
2320 2314 2348 2351 ²
2368 2314 2607 2401 gladiis
2651 2320 2723 2381 et
2765 2314 2958 2380 fusti·

852 2429 887 2454 “
933 2419 1075 2496 buS,
1124 2440 1226 2484 me
1272 2417 1835 2505 comprehendere,
1898 2416 2209 2483 confusus
2268 2423 2495 2482 tamen
2553 2414 2956 2482 ³retrorsum

852 2529 886 2556 “
932 2521 1166 2603 abibit,
1241 2542 1386 2586 cum
1465 2521 1697 2586 faciem
1762 2519 2048 2585 hominis
2115 2520 2470 2606 aspexerit,
2539 2519 2962 2604 stabantque,

851 2629 886 2657 “
932 2623 1095 2688 velit
1140 2621 1328 2701 nolit,
1362 2621 1563 2687 etiam
1595 2644 1796 2710 supra
1823 2621 1873 2688 J
1875 2622 2095 2708 udam,
2127 2621 2186 2688 si
2230 2620 2258 2661 ⁴
2277 2621 2573 2687 induerit
2602 2620 2957 2698 Simonem,

853 2731 891 2760 “
935 2729 1392 2811 exemptorum
1413 2722 1762 2811 privilegia
1790 2723 2038 2811 absque
2063 2723 2519 2793 crucifixione.
2566 2722 2705 2789 Vos
2735 2721 2959 2789 Chris-

853 2833 887 2863 “
936 2831 1025 2906 to,
1072 2847 1307 2911 meque
1350 2825 1556 2904 vobis,
1605 2848 1691 2892 ex
1735 2826 2054 2894 vitalibus
2098 2826 2608 2895 recommend0.''

941 2929 1096 2993 Hiis
1157 2927 1400 2994 litteris
1459 2929 1829 3015 praemissis,
1891 2930 2293 3018 sequebatur
2335 2928 2569 2994 Abbas
2626 2928 2959 2995 celeritate

850 3053 982 3117 qua
1023 3028 1258 3111 valuit,
1304 3031 1407 3096 sui
1456 3031 1743 3118 vestigia.
1788 3031 2147 3118 portitoris.
2238 3032 2562 3097 Attamen
2604 3036 2956 3117 antequam

850 3134 1179 3222 attingere
1210 3139 1431 3221 posset
1459 3134 1546 3199 ad
1577 3133 1829 3215 urbem,
1862 3139 2179 3221 tanquam
2212 3156 2554 3222 percussus
2582 3154 2624 3199 a
2653 3134 2954 3213 Domino,

849 3236 1086 3303 cecidit
1129 3242 1488 3302 retrorsum
1553 3235 1803 3302 Praesnl
1864 3236 2341 3303 Lincolniensis
2392 3235 2466 3301 in
2524 3235 2714 3317 lecto,
2758 3235 2958 3302 febri-

851 3342 1105 3427 busque
1163 3340 1473 3405 laborans
1526 3360 1642 3427 per
1701 3337 1727 3376 ⁵
1748 3338 2145 3425 Supremam
2193 3338 2243 3405 J
2247 3339 2503 3409 udicem
2549 3339 2636 3404 ad
2698 3344 2960 3427 tempus

850 3443 1178 3510 inhibitus
1207 3443 1442 3523 fuerat,
1477 3463 1559 3508 ne
1605 3441 1985 3527 procederet
2027 3447 2260 3508 contra
2302 3441 2650 3529 privilegia
2694 3463 2959 3529 exemp·

849 3552 1086 3612 torum.
1201 3544 1397 3625 Quod
1460 3566 1609 3609 cum
1671 3543 1942 3621 Abbas„
1964 3543 2039 3609 in
2109 3544 2402 3610 Consilio
2454 3545 2599 3631 jam
2654 3565 2955 3631 praesens,

850 3646 1301 3726 intellexisset,
1333 3647 1690 3733 Episcopos
1737 3645 2204 3712 Carliolensem
2251 3652 2322 3712 et
2364 3644 2392 3685 ⁰
2410 3646 2805 3725 Roffensem,
2837 3669 2959 3713 cae-

851 3755 1153 3835 terosque
1197 3770 1348 3814 suos
1377 3748 1622 3814 amicos
1666 3747 1916 3813 ibidem
1962 3755 2341 3835 praesentes,
2385 3750 2735 3829 consuluit,
2784 3751 2962 3835 quod

850 3852 990 3939 ipse
1044 3874 1162 3939 pro
1212 3850 1498 3917 tuitione
1556 3871 1695 3916 suae
1756 3872 1968 3916 causae
2032 3852 2396 3917 consultius
2463 3874 2658 3939 agere
2725 3856 2960 3939 posset.

852 3955 985 4036 Qui
1029 3977 1256 4022 omncs
1300 3951 1724 4034 unanimiter,
1754 3973 2016 4038 unoque
2061 3976 2187 4032 ore,
2220 3953 2290 4019 id
2321 3954 2451 4020 sibi
2483 3960 2958 4043 suggesserant,

852 4064 930 4125 ut
974 4081 1204 4125 versus
1249 4059 1531 4124 Romam
1578 4077 1771 4122 suum
1818 4055 2138 4141 arriperet
2183 4055 2329 4135 iter,
2360 4062 2431 4122 et
2459 4058 2857 4145 Episcopum
2889 4058 2961 4122 in

848 4161 1178 4229 locutione
1224 4183 1373 4227 cum
1420 4159 1695 4224 Summo
1742 4156 2066 4223 Pontifice
2111 4159 2525 4244 praeveniret.

920 4401 934 4437 ¹
961 4405 1023 4455 In
1047 4402 1258 4454 allusion
1286 4400 1525 4469 probably
1552 4410 1605 4452 to
1630 4399 1757 4451 Acts
1779 4416 1863 4450 xv.
2027 4400 2044 4431 ⁴
2068 4402 2169 4469 Qy.
2209 4401 2258 4453 if
2284 4412 2372 4455 not
2394 4410 2422 4435 ‘⁴
2441 4403 2739 4469 induxerit,”
2761 4404 2812 4456 in
2836 4408 2958 4459 allu-

851 4490 937 4536 39.
1953 4480 2062 4532 sion
2084 4490 2138 4532 to
2160 4482 2339 4534 Simon
2363 4485 2425 4534 of
2463 4486 2677 4551 Cyrene,
2711 4485 2956 4537 Maeciam

920 4563 943 4596 ‘⁶'
968 4563 1031 4613 In
1079 4562 1287 4614 allusion
1332 4569 1386 4614 to
1424 4560 1671 4612 Mattheus>
1717 4558 1861 4611 xxvi.
1951 4560 2112 4611 xxvii.
2144 4567 2229 4624 32,
2252 4562 2414 4613 Mark
2437 4580 2523 4616 xv.
2549 4571 2632 4617 21.

752 4672 757 4677 ·
853 4648 933 4693 55.
2014 4640 2036 4673 ὅ
2067 4641 2390 4707 Suppremum
2411 4642 2465 4692 in
2487 4644 2601 4695 MS.

916 4721 940 4754 ³
959 4720 1098 4772 Jolm
1123 4720 1263 4773 xviii.
1289 4728 1336 4773 6.
2014 4718 2037 4753 ὅ
2060 4720 2200 4774 John
2220 4720 2486 4788 Langdon,
2505 4724 2576 4790 by
2599 4740 2759 4778 name.
