3467 5717
763 790 895 853 202
1401 803 1498 858 AN
1500 807 1547 857 N
1549 805 1719 857 ALES
1762 804 2192 857 MONASTERII

422 997 561 1051 A.D.
593 1002 736 1049 1425.
765 993 802 1025 “

423 1090 636 1151 Walter,
656 1088 738 1140 his
764 1098 801 1128 “

421 1159 677 1222 predeces-

424 1239 481 1274 so

425 1240 559 1341 AB).
590 1294 737 1339 1425.
765 1302 801 1333 «ι

846 994 1030 1077 puta,
1076 989 1470 1077 pulsationis
1531 1010 2001 1077 campanarum
2060 994 2131 1056 et
2181 989 2669 1077 processionum
2711 1012 2870 1079 erga

843 1115 982 1174 nos,
1048 1115 1197 1159 oum
1258 1114 1378 1179 per
1452 1092 1715 1160 diversa
1781 1093 1925 1159 loca
1987 1091 2357 1160 Provinciae
2415 1098 2662 1161 nostrae
2719 1115 2869 1181 pro-

765 1200 803 1231 “
847 1197 1237 1278 cederemus,
1282 1200 1425 1261 tam
1484 1195 1568 1261 de
1627 1196 1782 1282 jure
1852 1193 1873 1232 ¹
1899 1194 2237 1261 communi
2299 1216 2502 1281 quam
2570 1195 2654 1261 de
2718 1217 2870 1262 oon-

847 1297 1197 1364 suetudine
1239 1296 1535 1384 antiqua,
1566 1302 1635 1363 et
1680 1298 1766 1363 de
1810 1296 2253 1384 praerogativa
2296 1295 2582 1363 eoclesiae
2624 1302 2868 1365 nostrae

765 1403 803 1434 “
849 1398 1348 1467 Cantuariensis
1374 1399 1843 1479 faciendarum,
1876 1402 1946 1464 et
1976 1419 2019 1462 a
2047 1397 2327 1485 singulis
2355 1396 2642 1464 subditis
2669 1398 2867 1466 diotae

766 1506 803 1536 “
848 1500 1218 1567 Provinciae
1261 1505 1508 1567 nostrae
1540 1499 2059 1582 Cantuariensis‚
2092 1521 2243 1565 oum
2289 1521 2408 1586 per
2449 1503 2673 1587 partes
2717 1521 2868 1566 suas

766 1607 802 1638 ‘⁴
847 1604 1208 1669 transitum
1237 1603 1613 1684 faoeremus‚
1640 1604 1890 1668 totiens
1919 1601 2230 1687 quotiens
2259 1601 2868 1688 impendendam,

765 1709 800 1740 “
845 1691 1128 1771 oriretur
1186 1704 1365 1770 inter
1423 1726 1545 1770 nos
1604 1709 1675 1771 et
1732 1725 1872 1785 vos,
1920 1703 2261 1771 Abbatem
2313 1708 2384 1769 et
2443 1703 2870 1770 Conventum

763 1811 798 1840 “
843 1806 1232 1884 antedictos,
1262 1806 1544 1872 materia
1573 1804 1963 1892 quaestionis
1975 1829 1992 1885 ;
2039 1805 2309 1871 tandem
2338 1826 2471 1886 vos,
2503 1803 2751 1884 Abbas,
2780 1804 2869 1870 ad

765 1913 801 1941 “
844 1928 966 1972 nos
1025 1907 1457 1994 personaliter
1513 1907 1914 1986 accedentes,
1979 1928 2099 1994 pro
2141 1906 2326 1973 vobis
2386 1911 2456 1971 et
2513 1905 2868 1972 Conventu

766 2014 801 2044 “
846 2008 1165 2094 praedicto
1209 2029 1293 2073 ex
1353 2006 1529 2074 bona
1570 2008 1925 2074 voluntate
1969 2013 2192 2074 vestra
2248 2028 2508 2072 omnem
2566 2027 2870 2074 reveren-

767 2115 803 2147 “
850 2111 1012 2176 tiam
1061 2115 1133 2178 et
1173 2110 1488 2176 honorem
1531 2110 1607 2176 in
1647 2109 2199 2177 reverentialibus
2256 2108 2634 2195 hujusmodi
2674 2110 2871 2175 nobis

768 2218 803 2248 “
848 2217 919 2280 et
984 2212 1269 2279 ecolesiae
1320 2217 1566 2280 nostrae
1634 2212 2115 2293 cantuariensi,
2181 2212 2493 2297 quotiens
2553 2233 2672 2299 per
2731 2212 2874 2278 loca

767 2319 804 2350 “
848 2314 1249 2381 monasterio
1309 2319 1533 2382 vestro
1594 2314 1867 2380 subdita
1909 2320 1981 2381 et
2023 2315 2324 2402 subjecta
2384 2314 2738 2380 transitum
2782 2314 2873 2379 fe-

768 2422 805 2452 “
850 2419 1147 2500 (serimus,
1194 2417 1337 2483 sive
1381 2417 1904 2505 processerimus,
1954 2416 2029 2481 in
2081 2417 2401 2498 futurum,
2449 2415 2758 2483 exhibere
2801 2419 2872 2483 et

769 2525 805 2555 “
849 2519 1059 2585 faeere
1104 2518 1550 2601 oonoessistis;
1596 2519 1759 2585 dum
1786 2524 2017 2585 tamen
2058 2515 2087 2557 ²
2106 2519 2364 2584 nullum
2394 2541 2513 2606 per
2552 2517 2872 2606 praedicta

770 2626 806 2656 “
850 2641 1035 2687 exem
1041 2621 1259 2708 ptioni
1303 2626 1545 2688 vestrae
1588 2620 2046 2709 praejudicium
2089 2621 2297 2703 fieret,
2356 2625 2480 2688 aut
2520 2621 2872 2707 quiequam

769 2726 806 2758 “
848 2722 922 2787 in
965 2722 1397 2788 violationem
1449 2720 1950 2809 privilegiorum
1996 2726 2368 2788 vestrorum
2410 2726 2872 2801 attentaretur,

769 2828 803 2858 “
846 2826 970 2889 aut
1013 2823 1356 2890 vendicari
1417 2827 1657 2911 posset,
1712 2823 1789 2889 in
1847 2823 2187 2905 futurum3
2242 2844 2378 2906 nos,
2443 2821 2874 2889 indemnitati

767 2933 803 2962 “
846 2929 1090 2992 vestrae
1136 2925 1210 2991 in
1254 2947 1335 2992 ea
1375 2930 1567 3013 parte
1610 2947 1983 3014 praecavere
2035 2925 2381 3013 cupientes,
2430 2929 2661 2990 tenore
2703 2946 2873 3012 prae-

770 3032 808 3063 “
849 3028 1139 3093 sentium
1184 3027 1608 3108 declaramus,
1642 3028 1823 3114 quod
1865 3049 2003 3094 non
2047 3032 2151 3094 est
2191 3025 2581 3094 intentionis
2623 3030 2873 3093 nostrae

766 3134 805 3166 “
847 3150 965 3216 per
1023 3129 1489 3196 reverentialia
1546 3129 1945 3216 hujusmodi,
2005 3133 2128 3195 aut
2185 3129 2320 3194 alia
2388 3149 2553 3215 quae,
2613 3148 2702 3194 ex
2762 3128 2876 3194 de·

769 3237 803 3267 “
850 3230 1118 3298 votione
1173 3232 1287 3299 vel
1344 3231 1748 3298 liberalitate
1813 3231 2072 3309 vestris,
2149 3231 2344 3296 nobis
2401 3252 2520 3318 per
2576 3252 2697 3297 vos
2756 3234 2876 3296 aut

770 3338 807 3368 “
851 3339 1109 3400 vestros
1151 3333 1226 3399 in
1270 3333 1430 3400 locis
1472 3333 1664 3401 vobis
1707 3332 2000 3400 subditis
2059 3354 2174 3399 seu
2232 3333 2544 3420 subjectis
2601 3332 2747 3399 fieri
2805 3335 2877 3398 et

769 3442 803 3471 “
846 3434 1149 3500 exhiberi
1177 3436 1524 3523 continget
1551 3435 1626 3500 in
1666 3435 1987 3518 futurum,
2019 3434 2259 3502 vestris
2304 3435 2712 3522 exemptioni
2755 3439 2877 3500 aut

769 3540 803 3572 “
848 3536 1217 3623 privilegiis
1276 3538 1779 3624 quibuscunque
1838 3537 2172 3624 derogare,
2232 3541 2352 3603 aut
2417 3536 2872 3624 praejudicium

766 3641 802 3671 “
845 3635 1117 3722 aliquod
1143 3636 1376 3703 inferri
1407 3638 1857 3725 quovismodo.
1941 3639 2028 3705 In
2056 3637 2241 3726 cujus
2271 3639 2367 3704 rei
2397 3636 2874 3720 testimonium,

768 3741 804 3771 “
848 3734 876 3775 ⁸
895 3736 1213 3824 [sigillum
1257 3741 1587 3827 nostrum]
1640 3740 1913 3808 fecimus
1970 3740 2103 3806 hiis
2154 3741 2413 3828 apponi.
2503 3741 2758 3807 Datum
2801 3739 2874 3805 in

767 3841 805 3872 “
848 3837 1136 3926 hospitio
1203 3845 1431 3907 nostro
1507 3843 1684 3929 apud
1749 3842 2071 3909 Sanctum
2131 3842 2491 3925 Albanum,
2566 3841 2874 3909 vicesimo

767 3943 804 3974 “
848 3944 1083 4008 octavo
1137 3940 1247 4008 die
1289 3942 1534 4010 mensis
1595 3944 1644 4010 J
1643 3945 1927 4029 anuarii,
1973 3965 2151 4011 anno
2195 3944 2472 4011 Domini
2528 3943 2878 4010 millesimo

766 4046 802 4077 “
848 4042 1499 4132 quadringentesimo
1542 4046 1855 4113 vicesimo
1900 4045 2158 4134 quint0,
2203 4053 2273 4115 et
2314 4050 2561 4115 nostrae
2617 4045 2647 4086 ⁴
2661 4050 2878 4114 trans-

769 4148 805 4179 “
849 4144 1118 4212 lationis
1162 4167 1339 4213 anno
1382 4147 1821 4215 duodecimo.”

429 4254 614 4308 Orders
636 4270 723 4308 are

470 4323 585 4373 'ven
605 4324 640 4373 b

857 4244 1017 4313 Post
1047 4246 1214 4313 hano
1258 4247 1560 4315 habitam
1587 4249 1966 4317 litterarum
1993 4250 2375 4335 recordiam,
2415 4250 2622 4339 jussit
2650 4250 2878 4318 Abbas

489 4404 518 4440 e
538 4340 715 4441 Abbygt
767 4345 1044 4436 singulis
1073 4353 1399 4439 exemptae
1426 4372 1565 4420 suae
1599 4352 2085 4438 jurisdictionis
2129 4353 2393 4438 curatis,
2422 4359 2504 4420 ut
2545 4353 2881 4440 quotiens-

838 4608 853 4640 ¹
879 4611 1065 4660 comuni
1088 4611 1140 4660 in
1158 4611 1273 4662 MS.
1928 4613 1952 4645 ⁸
1974 4613 2143 4663 These
2162 4615 2328 4664 words
2351 4629 2439 4664 are
2460 4612 2670 4664 omitted
2690 4613 2746 4663 in
2770 4612 2879 4665 MS.

833 4686 854 4717 2
879 4687 1014 4737 nana
1034 4689 1088 4738 in
1109 4688 1222 4742 MS.
1931 4692 1950 4724 ⁴
1973 4692 2131 4744 From
2152 4692 2239 4744 the
2261 4692 2358 4746 See
2381 4691 2440 4744 of
2456 4692 2529 4745 St.
2552 4691 2774 4745 David’s.
